2174 3220
334 153 505 187 titulus:
535 151 690 191 XXIII,
723 160 773 192 19,
806 150 862 184 18:
893 161 982 184 cum
1012 148 1126 183 titulo
1157 148 1309 182 lamnae
1339 159 1482 182 aeneae
1512 147 1702 189 inscripto
1734 148 1786 181 M.
1817 146 2000 181 Anicium

223 222 294 252 pro
322 208 511 243 militibus
527 236 533 242 .
550 235 557 241 .
574 235 579 241 .
597 235 603 241 .
619 213 757 242 votum
784 205 959 241 solvisse.

334 267 664 299 sacramentum:
686 263 819 303 XXII,
840 262 895 303 38,
916 271 953 303 3:
974 260 1070 295 nihil
1091 267 1246 303 praeter
1271 266 1560 294 sacramentum
1583 260 1710 294 fuerat
1731 259 1838 293 iussu
1861 270 2002 294 consu-

224 322 304 356 lum
329 327 595 356 conventuros
620 331 744 361 neque
767 318 917 352 iniussu
941 316 1107 352 abituos.

224 470 261 510 3.
294 457 432 498 Nulla
467 456 624 497 subest
659 454 784 495 notio
818 452 1027 501 verbalis,
1063 452 1124 493 ita
1160 457 1211 493 ut
1246 449 1542 503 appositionis
1578 449 1674 490 vice
1710 448 1830 489 haud
1867 447 2001 488 dubie

224 525 441 578 fungatur
467 536 556 564 acc.
584 536 685 564 cum
711 521 789 562 inf.
816 520 930 562 coni.

329 635 488 669 clades:
509 633 637 673 XXII,
657 632 688 673 8,
712 642 744 666 1:
765 642 906 673 repens
927 629 1001 665 alia
1021 628 1222 664 nuntiatur
1243 628 1385 669 clades,
1406 632 1591 669 quattuor
1611 625 1718 660 milia
1738 624 1912 666 equitum
1928 651 1935 658 .
1951 651 1957 658 .
1975 651 1981 658 .
1998 651 2004 657 .

226 692 274 726 ab
304 690 527 725 Hannibale
557 689 840 729 circumventa3
870 686 1024 727 XXIII,
1052 695 1107 727 24,
1135 685 1172 719 6:
1201 696 1304 719 nova
1333 684 1462 719 clades
1491 682 1669 717 nuntiata
1673 708 1772 722 .....
1789 681 1831 714 L.
1863 680 2005 714 Postu-

182 786 184 790 ,
226 747 370 782 mium.
388 775 393 781 .
411 775 416 780 .
434 774 440 780 .
457 745 585 787 ipsum
615 751 730 786 atque
761 742 977 778 exercitum
1007 742 1170 776 deletos.

338 801 632 836 commoditas:
660 799 729 841 IV,
754 799 809 841 60,
835 809 873 834 2:
901 810 989 834 cum
1014 796 1279 833 commoditas
1305 795 1468 836 iuvaret,
1494 806 1578 830 rem
1603 792 1838 829 familiarem
1865 792 2006 827 saltem

227 859 476 901 acquiescere
498 869 545 892 eo
568 863 757 898 tempore.

338 924 457 948 cura:
481 912 656 953 XXVII,
679 922 734 954 40,
758 922 795 945 2:
822 910 937 945 simul
961 921 1049 945 cum
1071 909 1136 944 illa
1160 914 1322 951 angeret
1346 918 1449 948 cura,
1475 918 1573 949 quos
1597 912 1678 941 tam
1701 904 1896 948 propitios
1918 903 2006 939 urbi

227 977 343 1013 atque
371 968 536 1011 imperio
566 969 650 1003 fore
679 969 785 1002 deos.

339 1026 511 1059 donum:
540 1024 667 1064 XXII,
698 1033 748 1063 10,
774 1033 810 1057 2:
838 1029 921 1057 tum
949 1023 1096 1057 donum
1123 1020 1205 1056 duit
1231 1020 1400 1063 populus
1428 1020 1631 1054 Romanus
1660 1016 1874 1059 Quiritium
1902 1016 2007 1059 quod

227 1093 294 1116 ver
319 1081 494 1116 attulerit
520 1092 567 1115 ex
593 1079 706 1114 suillo
733 1079 853 1114 ovillo
879 1077 1042 1120 caprino
1068 1076 1215 1112 bovillo
1243 1088 1362 1119 grege
1389 1086 1564 1118 quaeque
1588 1074 1756 1116 profana
1781 1078 1894 1107 erunt
1921 1070 2006 1106 Iovi

228 1137 321 1173 fieri

341 1193 431 1235 Quo
460 1199 590 1227 tamen
619 1192 706 1226 loco
736 1190 875 1225 melius
904 1190 1075 1225 fortasse
1103 1187 1370 1230 intelligamus
1398 1186 1464 1221 inf.
1492 1186 1640 1222 nudum
1667 1186 1715 1220 ad
1743 1184 1861 1219 finem
1889 1182 2008 1226 signi-

229 1250 424 1285 ficandum
450 1247 625 1283 adhiberi
651 1247 750 1282 sicut
777 1246 931 1289 saepius
955 1245 993 1280 in
1019 1244 1178 1287 antiqua
1203 1243 1396 1279 latinitate
1421 1254 1492 1277 usu
1518 1241 1636 1277 venit.

342 1306 453 1339 laus:
489 1304 613 1344 XXX,
648 1312 705 1345 35,
741 1312 777 1345 5:
814 1302 921 1336 illam
958 1302 1113 1336 laudem
1149 1301 1325 1342 adeptus,
1363 1298 1550 1341 singulari
1587 1304 1670 1333 arte
1705 1297 1829 1332 aciem
1865 1308 1911 1332 eo
1947 1295 2010 1331 die

229 1361 474 1396 instruxisse.

341 1426 474 1451 mors:
506 1415 670 1455 XXXV,
703 1424 754 1457 15,
783 1425 820 1456 4:
852 1426 897 1448 eo
928 1425 1035 1448 mors
1067 1412 1148 1447 eius
1180 1411 1400 1454 suspectior
1430 1410 1514 1451 fuit,
1545 1421 1706 1452 gravem
1738 1419 2010 1444 successorem

231 1485 318 1508 eum
341 1472 488 1507 instare
514 1470 704 1506 senectuti
730 1482 821 1505 suae
844 1476 997 1512 patrem
1022 1469 1234 1504 credenten
1251 1496 1256 1502 .
1274 1496 1279 1502 .
1297 1496 1302 1502 .
1320 1496 1326 1502 .
1342 1479 1495 1502 veneno
1521 1465 1737 1501 sustulisse.

344 1528 489 1563 Nescio
517 1539 563 1562 an
591 1528 665 1562 hoc
692 1527 781 1561 loco
807 1525 998 1561 momenti
1025 1524 1170 1567 aliquid
1198 1523 1378 1559 habuerit
1404 1522 1641 1558 adiectivum
1667 1521 1935 1564 “suspeetior''
1962 1521 2010 1556 ad

229 1597 306 1620 acc.
333 1597 420 1620 cum
442 1584 508 1618 inf.
534 1583 631 1618 coni.
656 1582 931 1617 adhibendum.

344 1640 557 1683 prodigia:
580 1640 687 1680 XXI,
710 1639 765 1679 62,
788 1649 825 1679 23
850 1637 1025 1678 XXVII,
1048 1646 1104 1679 37,
1127 1647 1164 1671 2:
1190 1637 1297 1677 XLI,
1324 1645 1375 1677 13,
1402 1646 1435 1677 1;
1460 1635 1563 1676 XLI,
1590 1634 1641 1676 16,
1664 1635 1701 1675 6;
1728 1634 1877 1675 XLIII,
1904 1644 1955 1676 13,
1978 1643 2009 1675 3.

343 1707 430 1731 res:
458 1697 534 1736 III,
561 1704 614 1737 71,
640 1695 677 1729 6:
705 1707 750 1729 eo
776 1706 859 1729 rem
885 1705 925 1729 se
949 1699 1146 1728 vetustate
1172 1691 1453 1732 oblitteratam,
1478 1698 1653 1726 ceterum
1681 1702 1771 1726 suae
1796 1689 2012 1725 memoriae

231 1752 392 1787 infixam
411 1752 542 1792 affere,
563 1763 701 1793 agrum
718 1779 723 1784 .
741 1779 746 1784 .
764 1778 770 1784 .
787 1778 793 1784 .
811 1749 945 1784 finium
968 1749 1271 1784 Coriolanorum
1291 1747 1429 1788 fuisse;
1452 1747 1520 1788 IV,
1543 1756 1596 1788 17,
1617 1757 1654 1789 43
1677 1746 1745 1787 IV,
1765 1755 1820 1788 37,
1843 1756 1870 1780 1.

344 1808 648 1850 spectaculum:
677 1807 726 1847 II,
754 1815 784 1847 7,
812 1815 848 1848 7:
878 1811 1034 1848 gratum
1061 1804 1098 1839 id
1126 1803 1367 1838 multitudini
1396 1804 1663 1845 spectaculum
1691 1802 1774 1843 fuit,
1802 1801 2013 1837 summissa

234 1864 305 1899 sibi
331 1876 416 1898 esse
439 1862 592 1905 imperii
616 1862 785 1904 insignia
810 1861 1182 1903 confessionemque
1206 1860 1351 1895 factam
1376 1859 1509 1902 populi
1535 1871 1650 1901 quam
1674 1858 1848 1894 consulis
1872 1859 2012 1893 maies-

233 1927 355 1956 tatem
380 1920 536 1961 vimque
562 1918 752 1954 maiorem
779 1929 875 1953 esse.

345 1980 486 2010 terror
511 1986 557 2009 ac
583 1976 702 2016 fuga:
729 1975 775 2015 V,
802 1974 857 2015 28,
883 1974 920 2008 8:
950 1985 1038 2008 cum
1065 1972 1251 2008 contione
1279 1973 1471 2007 advocata
1498 1978 1691 2006 terrorem
1720 1971 1940 2013 increparet
1970 1983 2013 2006 ac

234 2032 381 2074 fugam,
405 2031 515 2066 fusos
538 2043 624 2066 esse
646 2031 693 2065 ab
716 2029 973 2072 ignavissimo
997 2041 1037 2064 ac
1062 2028 1320 2071 fugacissimo
1342 2029 1467 2062 hoste.

226 2173 268 2212 b.
327 2171 502 2208 Nomen
532 2173 815 2212 concretum,

347 2285 513 2316 auctor:
543 2280 690 2315 locutio
720 2281 880 2315 '‘auctor
909 2280 1018 2314 sum”
1047 2279 1306 2322 quadraginta
1335 2279 1415 2313 fere
1445 2278 1541 2314 locis
1569 2278 1776 2313 invenitur.

347 2343 531 2371 auctores
560 2336 706 2371 habeo:
739 2336 856 2376 VIII,
888 2347 920 2377 4,
956 2346 1011 2370 10:
1045 2336 1211 2370 idoneos
1245 2342 1426 2369 auctores
1460 2334 1747 2369 habeo....ita
1780 2345 2016 2377 responsum

237 2395 284 2429 ab
310 2401 446 2428 senatu
475 2395 655 2428 Romano
682 2403 785 2433 esse:
812 2392 926 2432 VIII,
952 2402 1006 2433 30,
1034 2401 1069 2432 7:
1096 2398 1278 2425 auctores
1304 2392 1430 2425 habeo
1456 2391 1515 2425 bis
1541 2403 1629 2425 cum
1656 2391 1770 2425 hoste
1799 2390 1909 2431 signa
1935 2390 2015 2424 col-

238 2451 332 2490 lata;
360 2450 427 2489 IX,
449 2449 504 2490 36,
527 2459 564 2490 3;
589 2449 635 2489 X,
658 2458 690 2490 5,
718 2458 766 2490 13.
819 2448 942 2482 Extra
966 2449 1038 2482 hos
1063 2455 1142 2482 tres
1167 2447 1289 2482 libros
1314 2448 1463 2481 nullum
1488 2446 1684 2481 invenitur
1711 2446 1944 2488 exemplum.

350 2505 543 2539 Absolute
566 2512 777 2547 usurpatur
802 2516 872 2546 pro
897 2503 1104 2546 participio
1129 2515 1272 2537 nomen
1298 2503 1481 2538 '‘auctor'’
1507 2504 1552 2543 X,
1581 2513 1631 2544 14,
1655 2513 1691 2544 3:
1718 2508 1898 2536 auctores
1924 2512 2017 2535 con-

239 2561 326 2596 cilia
351 2561 530 2595 Etruriae
553 2561 790 2603 populorum
814 2561 860 2595 de
882 2561 1052 2603 petenda
1076 2571 1169 2601 pace
1192 2559 1336 2594 haberi.

350 2617 618 2651 caduceator:
643 2617 854 2656 XXXVII,
882 2616 934 2657 18,
963 2626 1018 2650 12:
1044 2616 1165 2650 misso
1191 2616 1449 2650 caduceatore
1473 2616 1520 2649 ad
1546 2614 1758 2649 Aemilium
1780 2613 1880 2647 velle
1905 2624 1945 2647 se
1970 2612 2017 2647 de

238 2683 332 2714 pace
357 2684 483 2713 agere.

351 2729 530 2762 Alterum
556 2727 669 2762 huius
694 2727 905 2763 locutionis
931 2728 1154 2769 exemplum
1180 2739 1257 2762 non
1283 2726 1422 2761 inveni.

352 2784 493 2818 iudex:
520 2785 595 2824 III,
620 2784 673 2825 56,
697 2794 734 2825 4:
759 2783 873 2817 unius
899 2789 1051 2818 tantum
1077 2783 1251 2818 criminis
1276 2782 1348 2816 nisi
1375 2782 1542 2817 iudicem
1567 2782 1673 2817 dices
1700 2788 1736 2817 te
1763 2783 1810 2816 ab
1836 2781 2016 2816 libertate

240 2840 277 2873 in
310 2840 539 2874 servitutem
571 2847 708 2874 contra
740 2841 846 2881 leges
877 2839 1066 2874 vindicias
1098 2852 1175 2873 non
1206 2839 1372 2873 dedisse.

352 2896 531 2929 Alterum
558 2895 780 2929 huiusmodi
809 2907 887 2929 non
912 2896 1030 2929 credo
1059 2895 1222 2929 inveniri
1251 2895 1483 2936 exemplum.

1105 2974 1146 3012 48
