2174 3220
313 171 493 207 subicio:
522 169 670 210 XXIX,
701 176 753 210 15,
781 178 818 202 2:
850 166 1099 202 subiecerunt
1128 166 1304 201 colonias
1335 166 1496 202 Latinas
1525 166 1974 203 duodecim....annum

203 228 280 263 iam
305 227 429 262 ferme
455 232 610 261 sextum
634 223 883 259 vacationem
907 221 1070 257 militiae
1084 249 1091 256 .
1108 249 1114 256 .
1131 249 1137 256 .
1154 249 1160 256 .
1177 223 1331 257 habere.

317 282 395 318 Cfr.
419 281 584 316 verbum
607 280 710 314 idem
733 278 888 321 passive
912 283 1144 320 usurpatum
1168 277 1315 319 XXIX,
1342 285 1394 320 15,
1421 287 1449 312 1.

313 339 508 374 subtexo:
540 335 754 377 XXXVII,
784 335 839 377 48,
870 334 907 369 6:
941 333 1112 368 subtexit
1145 333 1284 368 deinde
1316 333 1470 368 fabulae
1504 333 1588 368 huic
1623 335 1775 376 legatos
1808 334 1974 369 Aetolos

205 395 243 430 in
268 400 405 429 senatu
429 393 530 428 inter
554 398 684 427 cetera
707 392 782 426 hoc
809 401 963 433 quoque
986 389 1255 431 interrogatos
1282 400 1378 424 esse.

314 450 543 485 succlamo:
576 449 651 489 ΙΙΙ,
680 456 735 489 50,
769 457 825 486 10;
858 445 1123 481 succlamabat
1152 445 1363 480 multitudo
1393 456 1464 480 nec
1494 444 1596 479 illius
1626 444 1753 480 dolori
1782 457 1853 480 nec
1884 457 1975 480 suae

205 505 376 542 libertati
402 517 442 540 se
468 504 691 544 defuturos;
717 502 865 542 XXVI,
889 511 921 543 3,
947 501 984 536 6:
1009 507 1052 535 ut
1077 500 1203 543 capite
1230 500 1514 542 anquirendum
1539 500 1673 535 contio
1701 500 1974 541 succlamaret;

206 562 357 603 XXVI,
385 572 440 602 22,
468 561 506 596 8:
536 572 624 595 curn
650 559 828 594 centuria
857 558 1041 599 frequens
1072 557 1352 591 succlamasset
1382 556 1477 590 nihil
1508 568 1547 591 se
1577 564 1728 591 mutare
1759 556 1976 591 sententiae

206 618 444 659 eosdemque
470 616 654 651 consules
680 614 855 649 dicturos
881 624 984 653 esse;

318 672 509 714 Quaestio
537 670 695 713 obliqua
721 675 850 704 exstat
877 669 1003 709 XXX,
1029 678 1084 710 42,
1110 678 1164 702 20.

316 729 520 763 testifico:
553 727 745 767 XXXIII,
780 736 831 766 12,
868 735 924 759 12:
959 723 1197 764 testificanti,
1232 723 1263 758 si
1297 723 1451 766 elapsus
1485 734 1530 758 eo
1564 729 1741 764 tempore
1776 722 1979 764 Philippus

207 785 322 826 foret,
345 797 439 819 mox
463 783 620 826 gravius
644 793 732 817 eum
755 781 1046 816 rebellaturum.

317 843 473 875 testor:
498 839 565 873 inf.
591 850 714 880 praes.
741 849 826 879 gen.
853 844 924 871 act.
951 836 1075 870 tribus
1101 835 1198 870 locis
1223 834 1429 869 invenitur.

318 896 384 930 inf.
407 895 503 938 perf.
529 901 599 929 act.
624 893 766 936 legitur
789 892 912 928 tribus
937 892 1044 926 locis.

318 952 383 985 inf.
409 952 476 985 fut.
502 958 573 985 act.
597 956 807 991 usurpatur
832 948 927 983 locis
953 948 1087 982 tribus.

316 1008 382 1042 inf.
410 1019 534 1049 praes.
564 1018 648 1048 gen.
678 1017 779 1047 pass.
810 1004 933 1038 tribus
963 1010 1090 1038 exstat
1120 1003 1226 1037 locis.

317 1064 460 1099 trado:
484 1063 550 1097 inf.
574 1074 698 1105 praes.
723 1073 808 1104 gen.
833 1067 904 1095 act.
929 1060 1071 1102 legitur
1096 1060 1122 1099 Ι,
1151 1059 1201 1096 16,
1225 1068 1259 1100 7:
1285 1059 1337 1093 ita
1360 1058 1530 1101 posteris
1555 1059 1710 1092 tradant
1734 1059 1860 1092 nullas
1885 1070 1980 1100 opes

207 1123 396 1155 humanas
421 1119 539 1153 armis
565 1118 754 1152 Romanis
777 1117 961 1151 resistere
984 1127 1112 1158 posse.

318 1174 386 1211 inf.
411 1174 508 1218 perf.
534 1179 606 1209 act.
633 1172 730 1209 locis
756 1173 842 1216 plus
869 1171 1030 1214 triginta
1056 1170 1262 1205 invenitur.

318 1230 386 1266 inf.
409 1230 506 1274 perf.
531 1241 617 1273 gen.
643 1241 744 1272 pass.
770 1228 931 1271 triginta
956 1228 1037 1262 fere
1063 1226 1160 1262 locis
1184 1233 1405 1268 usurpatur.

319 1286 549 1322 vaticinor:
578 1286 628 1327 ΙΙ,
653 1295 709 1327 41,
735 1293 772 1327 5:
802 1295 916 1326 saepe
943 1283 1083 1318 deinde
1111 1290 1148 1318 et
1174 1282 1408 1324 Verginium
1435 1282 1638 1317 consulem
1665 1281 1703 1316 in
1732 1281 1983 1317 contionibus

208 1343 314 1377 velut
338 1342 618 1376 vaticinantem
643 1341 836 1380 audiebat,
861 1340 1049 1382 pestilens
1075 1340 1249 1381 collegae
1275 1350 1416 1372 munus
1442 1350 1538 1378 esse,
1564 1349 1680 1379 agros
1705 1337 1793 1372 illos
1819 1337 1983 1372 servitu-

208 1406 287 1433 tem
310 1399 367 1439 iis,
393 1398 454 1440 qui
478 1397 710 1439 acceperint,
736 1398 896 1433 laturos.
920 1408 1042 1438 regno
1066 1395 1169 1430 viam
1195 1395 1293 1435 fieri:
1321 1395 1559 1434 XXXVIII,
1588 1394 1637 1434 18,
1662 1404 1699 1435 9:
1724 1393 1982 1428 vaticinantes

209 1455 382 1489 fanatico
405 1454 575 1489 carmine
599 1454 711 1487 deam
735 1452 925 1487 Romanis
947 1452 1051 1485 viam
1073 1451 1164 1486 belli
1189 1458 1225 1486 et
1247 1450 1454 1485 victoriam
1479 1451 1570 1485 dare
1593 1449 1877 1492 imperiumque
1901 1449 1982 1485 eius

210 1510 393 1553 regionis.

321 1567 462 1600 vinco:
496 1565 667 1605 XXVII,
703 1575 753 1605 11,
789 1575 844 1598 11:
880 1576 993 1606 quem
1028 1571 1110 1598 tum
1142 1563 1359 1605 principem
1392 1564 1569 1598 Romane
1603 1561 1771 1597 civitatis
1805 1573 1890 1596 esse
1922 1561 1984 1596 vel

212 1622 434 1657 Hannibale
462 1621 587 1656 iudice
614 1621 789 1656 victurus
816 1626 930 1654 esset.

325 1678 556 1712 vociferor:
589 1677 654 1710 inf.
688 1688 811 1718 praes.
847 1688 932 1718 gen.
965 1682 1037 1710 act.
1071 1674 1213 1717 legitur
1246 1674 1313 1716 IV,
1344 1683 1399 1716 53,
1431 1674 1468 1715 6;
1500 1673 1570 1714 VI,
1606 1683 1657 1715 19,
1688 1683 1725 1714 2;
1760 1673 1805 1714 X,
1836 1681 1891 1715 35,
1926 1682 1982 1715 13;

211 1734 362 1775 XXIV,
381 1744 414 1775 9,
438 1744 464 1767 1.

308 1789 388 1824 inf.
411 1789 507 1832 perf.
532 1796 603 1824 act.
627 1789 674 1828 V,
700 1799 750 1829 11,
772 1798 808 1829 23
834 1788 964 1828 XXII,
987 1798 1041 1829 41,
1065 1797 1094 1829 3.

323 1846 389 1880 inf.
413 1846 482 1880 fut.
507 1852 578 1880 act.
603 1845 651 1884 II,
674 1844 728 1886 65,
751 1854 788 1885 33
815 1844 897 1880 XL,
920 1843 975 1885 36,
997 1854 1028 1884 4.

322 1902 388 1936 inf.
413 1913 536 1944 praes.
560 1912 645 1943 gen.
668 1911 769 1942 pass.
792 1907 920 1934 exstat
945 1900 1017 1939 III,
1040 1908 1093 1940 71,
1114 1909 1145 1940 4.

323 1957 389 1991 inf.
412 1956 508 1999 perf.
530 1968 631 1999 pass.
655 1957 730 1996 III,
752 1964 805 1997 70,
828 1965 864 1997 5;
890 1955 957 1995 IV,
979 1965 1034 1997 40,
1057 1963 1093 1997 5;
1116 1955 1244 1996 XXII,
1266 1964 1321 1996 41,
1342 1964 1373 1996 3.

323 2013 389 2047 inf.
415 2013 576 2055 gerund.
599 2019 809 2054 usurpatur
835 2011 985 2051 XXIV,
1009 2021 1063 2051 21,
1086 2021 1116 2044 2.

323 2077 474 2102 voveo:
501 2067 548 2109 V,
579 2078 629 2109 19,
658 2068 694 2102 6:
724 2068 837 2102 ludos
864 2079 1031 2109 magnos
1060 2079 1106 2101 ex
1137 2074 1295 2101 senatus
1324 2066 1506 2101 consulto
1533 2065 1642 2100 vovit
1669 2064 1763 2100 Veis
1792 2064 1916 2107 captis
1945 2076 1985 2099 se

214 2124 409 2159 facturum
438 2124 653 2165 aedemque
685 2124 861 2158 Matutae
891 2123 1027 2157 matris
1057 2123 1247 2157 refectam
1277 2121 1564 2162 dedicaturum
1597 2121 1643 2161 X,
1672 2131 1727 2162 42,
1758 2130 1794 2162 7:
1823 2126 1986 2155 voverat

215 2179 300 2215 Iovi
332 2179 781 2221 Victori....p0cillum
814 2178 941 2219 mulsi,
975 2179 1203 2221 priusquam
1234 2184 1425 2213 temetum
1457 2177 1620 2217 biberet,
1655 2188 1740 2211 sese
1773 2177 1985 2216 facturum3

214 2235 360 2276 XXXI,
387 2245 420 2277 9,
450 2245 507 2270 10:
536 2236 650 2269 ludos
677 2235 857 2277 donaque
885 2235 1081 2269 facturum
1107 2233 1233 2275 vovit;
1264 2234 1395 2275 XLII,
1422 2233 1477 2274 28,
1504 2243 1542 2274 9:
1569 2232 1678 2268 vovit
1708 2232 1844 2267 consul
1874 2232 1986 2266 ludos

214 2290 297 2325 fieri
320 2291 501 2332 donaque
523 2290 616 2325 dari.

326 2347 470 2388 vulgo:
508 2346 578 2387 IX,
612 2356 667 2387 20,
705 2356 761 2381 10:
799 2353 1010 2388 postquam
1045 2358 1107 2381 res
1145 2346 1300 2388 Capuae
1337 2344 1530 2380 stabilitas
1569 2346 1747 2380 Romana
1782 2343 1987 2385 disciplina

214 2402 321 2437 fama
344 2414 412 2445 per
440 2401 569 2437 socios
595 2402 787 2444 vulgavit;
814 2402 960 2442 XXIX,
984 2402 1040 2442 26,
1065 2402 1102 2436 6:
1131 2402 1234 2444 quod
1261 2402 1308 2436 ad
1338 2400 1602 2436 Hannibalem
1629 2399 1913 2434 detrahendum
1940 2410 1987 2433 ex

215 2456 328 2492 Italia
356 2457 751 2500 transferendumque
779 2464 815 2493 et
844 2457 1057 2492 finiendum
1083 2457 1122 2492 in
1149 2457 1285 2492 Africa
1311 2457 1457 2492 bellum
1486 2468 1526 2491 se
1552 2455 1719 2491 transire
1746 2455 1986 2496 vulgaverat.

1081 2982 1123 3016 39
