2174 3220
357 163 470 198 sino:
499 160 598 196 locis
626 160 713 202 plus
742 158 1002 201 quadraginta
1029 169 1107 193 acc.
1137 169 1226 192 cum
1254 157 1321 191 inf.
1352 156 1450 192 coni.
1481 156 1583 199 regit
1612 157 1686 193 hoc
1715 158 1889 194 verbum.
1945 159 2027 195 Cfr.

246 218 365 254 etiam
390 229 468 252 acc.
495 224 532 252 et
556 216 623 250 inf.
651 216 792 258 explet.
843 214 980 248 Nudus
1006 219 1136 249 exstat
1161 212 1256 248 subi.
1282 212 1399 255 VIII,
1423 212 1479 255 38,
1507 222 1564 255 13;
1592 213 1725 255 XXII,
1749 223 1806 256 39,
1830 224 1885 249 20.

357 276 473 307 veto:
499 283 576 307 acc.
602 282 701 306 cum.
726 270 792 305 inf.
815 269 916 305 coni.
941 275 1033 312 post
1057 269 1133 304 hoc
1156 269 1320 303 verbum
1344 274 1555 310 usurpatur
1580 268 1677 304 locis
1700 269 1894 305 undecim.
1945 269 2025 306 Cfr.

246 341 323 364 acc.
346 335 384 364 et
405 328 471 362 inf.
495 327 637 370 explet.

360 384 434 418 Ins.
460 384 587 418 nudus
612 382 755 425 legitur
782 383 812 424 Ι,
838 390 892 424 53,
922 391 977 421 10;
1006 381 1134 421 XLII,
1160 381 1214 421 62,
1244 390 1300 422 13;
1328 380 1451 420 XLV,
1475 390 1530 421 29,
1559 389 1609 414 12.

356 441 471 474 volo:
494 439 561 473 inf.
584 450 708 481 praes.
731 450 817 481 gen.
840 444 912 472 act.
934 443 1146 479 usurpatur
1168 436 1264 471 locis
1288 436 1374 478 plus
1399 435 1658 478 septuaginta.

356 495 423 530 inf.
449 495 545 538 perf.
570 501 642 530 aet.
667 500 797 529 exstat
822 493 946 534 XXX,
974 503 1025 534 14,
1048 492 1078 527 6.

356 551 423 586 inf.
447 563 572 594 praes.
598 562 684 593 gen.
710 561 811 593 pass.
836 549 924 591 plus
950 548 1200 591 septuaginta
1223 547 1320 583 locis
1345 548 1499 590 legitur.

356 607 422 641 inf.
453 607 550 649 perf.
580 618 680 648 pass.
713 605 810 640 locis
839 606 926 647 plus
955 605 1095 647 viginti
1125 604 1294 647 quinque
1324 603 1530 638 invenitur.
1585 603 1674 638 Sive
1704 614 1745 638 re
1774 613 1867 638 vera
1896 607 2026 636 exstet

244 663 460 698 infinitivus
488 662 553 698 ubi
582 674 662 697 non
691 661 923 696 adhibeatur
951 661 1093 703 copula
1122 660 1268 701 “esse,’'
1299 660 1379 695 sive
1408 659 1658 703 participium
1689 657 1855 693 adscisci
1886 658 2025 693 melius

244 720 508 762 intellegatur,
536 730 615 753 non
643 724 701 752 est
728 716 889 752 dubium
916 716 1008 759 quin
1034 728 1150 751 verus
1177 722 1388 759 usurpatus
1418 715 1468 750 sit
1495 715 1722 755 infinitivus,
1751 713 1782 749 si
1809 713 2025 749 adhibitam

244 775 466 810 invenimus
492 774 684 816 copulam.
737 773 847 814 Quae
874 779 1005 807 autem
1030 772 1090 806 his
1116 771 1213 807 locis
1241 777 1386 807 exstat:
1415 771 1608 811 XXVIII,
1633 781 1689 813 42,
1718 778 1776 812 153
1803 770 1885 810 XL,
1911 769 1966 811 46,
1992 779 2024 811 3.

353 831 523 866 Additur
542 829 789 865 accusativus
809 828 1057 871 pronominis
1077 828 1263 869 reflexivi,
1284 828 1357 863 etsi
1377 840 1456 863 non
1477 828 1611 862 subest
1630 826 1740 862 notio
1761 824 2027 868 oppositionis

244 898 515 929 personarum,
538 885 598 920 his
622 885 736 920 locis:
762 885 836 926 ΙΙΙ,
859 885 914 926 68,
941 895 997 919 11:
1021 885 1145 920 malae
1169 884 1223 919 rei
1248 897 1288 920 se
1312 896 1428 927 quam
1451 883 1594 918 nullius
1619 884 1736 918 duces
1761 894 1846 918 esse
1869 881 2024 922 volunt;

245 940 375 981 XXII,
397 950 454 984 27,
482 952 537 976 11:
562 941 702 976 castris
726 953 880 983 quoque
904 953 943 975 se
968 940 1139 983 separari
1163 940 1353 983 magister
1377 939 1551 982 equiturn
1573 939 1714 981 voluit3
1739 938 1948 979 XXXVII,
1971 937 2026 980 58,

244 996 280 1031 6:
304 996 523 1031 Asiaticum
546 1008 586 1032 se
609 996 796 1039 appellari
818 997 953 1032 voluit.

358 1053 434 1087 Pro
459 1054 581 1087 verbo
606 1053 757 1087 “malo”
782 1059 911 1087 exstat
936 1053 1100 1087 verbum
1125 1052 1263 1086 “volo'‘
1291 1053 1366 1092 ΙΙΙ,
1390 1051 1444 1091 68,
1473 1062 1523 1092 11,
1549 1052 1652 1093 quod
1676 1050 1764 1085 vide
1790 1062 1906 1093 supra
1930 1049 2025 1085 cita-

243 1115 336 1143 tum.

357 1163 509 1198 Eodem
536 1175 652 1198 sensu
680 1176 756 1206 quo
783 1164 1029 1199 “contendo”
1054 1170 1266 1206 usurpatur
1290 1163 1361 1204 VI,
1386 1173 1441 1205 40,
1470 1172 1526 1205 13:
1555 1163 1659 1204 quod
1684 1161 1739 1196 illi
1764 1162 1902 1197 volunt
1927 1161 2025 1196 indi-

243 1214 433 1251 vidiosius
456 1230 551 1253 esse.

235 1369 362 1420 Ace.
387 1385 525 1421 eum
552 1371 656 1420 inf.
680 1372 828 1421 coni.
859 1374 1079 1434 pendet
1114 1388 1181 1422 ex
1217 1372 1527 1423 adiectivis
1563 1385 1666 1433 pro
1702 1371 2028 1433 participiis

437 1449 761 1510 usurpatis.

355 1576 532 1616 Desunt
553 1575 671 1627 apud
695 1575 975 1626 Draegerum
1000 1574 1220 1614 adiectiva
1243 1575 1374 1614 haec:
1399 1576 1618 1623 conscius,
1642 1576 1798 1623 fretus,
1822 1576 2025 1628 indigna-

240 1644 421 1683 bundus.

353 1731 564 1766 conscius:
590 1732 619 1771 I,
642 1740 696 1772 49,
720 1740 757 1765 2:
781 1730 964 1766 conscius
989 1729 1128 1765 deinde
1152 1730 1253 1765 male
1279 1730 1466 1772 quarendi
1492 1730 1602 1772 regni
1627 1731 1685 1765 ab.
1712 1742 1751 1766 se
1775 1730 1861 1774 ipso
1887 1732 2024 1768 adver-

242 1799 307 1822 sus
331 1799 371 1822 se
395 1788 619 1830 exemplum
640 1786 726 1829 capi
750 1798 884 1829 posse3
909 1786 1037 1827 XLII,
1059 1796 1114 1828 42,
1136 1786 1173 1820 8:
1198 1786 1380 1821 conscius
1403 1786 1498 1820 mihi
1522 1798 1607 1821 sum
1630 1787 1725 1821 nihil
1748 1799 1809 1822 me
1833 1788 2022 1824 scientem

241 1843 463 1886 deliquisse.

353 1900 521 1934 dubius:
546 1899 593 1933 de
617 1910 786 1941 persona
808 1904 1040 1940 usurpatum
1064 1910 1141 1933 acc.
1166 1909 1254 1933 cum
1278 1898 1344 1933 inf.
1369 1898 1469 1934 coni.
1494 1899 1595 1941 apud
1619 1904 1800 1933 nostrum
1823 1897 1925 1940 regit
1948 1898 2023 1933 hoc

242 1955 479 1991 adiectivum
501 1955 548 1995 V,
571 1955 625 1997 38,
647 1965 684 1997 4;
708 1954 778 1995 VI,
805 1964 855 1996 14,
882 1964 914 1996 1;
941 1954 1069 1995 XXV,
1092 1964 1147 1995 21,
1170 1964 1207 1995 2;
1233 1954 1356 1996 XXV,
1379 1962 1434 1996 25,
1457 1964 1494 1996 4;
1519 1954 1671 1996 XXXI,
1695 1964 1751 1996 24,
1774 1964 1811 1995 2;
1838 1953 2024 1995 XXXVI,

243 2012 295 2054 16,
317 2023 354 2055 4;
378 2011 569 2051 XXXIX,
592 2021 646 2053 34,
667 2020 704 2053 5;
730 2010 858 2050 XLII,
881 2019 936 2052 53,
958 2010 988 2045 8.

350 2067 508 2101 fretus:
535 2067 580 2107 X,
606 2075 636 2108 5,
663 2075 699 2108 5:
725 2072 900 2101 ceterum
926 2066 1021 2101 satis
1046 2066 1171 2101 fretus
1198 2078 1283 2101 esse
1310 2066 1428 2101 etiarn
1455 2078 1557 2101 nunc
1584 2067 1791 2102 tolerando
1816 2066 2022 2102 certamini

239 2123 414 2165 legatum
434 2134 505 2157 nec
527 2134 567 2156 se
589 2123 726 2164 procul
748 2123 885 2157 abesse
906 2121 1068 2164 periculi
1090 2122 1297 2157 vindicem.

350 2188 527 2220 gnarus:
552 2178 706 2218 XXIII,
731 2177 786 2217 28,
810 2178 847 2212 6:
874 2177 968 2212 satis
994 2189 1139 2220 gnarus
1166 2178 1432 2213 Hannibalem
1459 2178 1648 2213 transitus
1675 2179 1867 2220 quosdam
1893 2178 2020 2221 pretio

239 2241 457 2269 mercatum
489 2246 558 2269 nec
591 2234 734 2268 auxilia
765 2233 915 2269 Gallica
944 2233 1058 2268 aliter
1089 2245 1205 2276 quam
1236 2235 1430 2269 conducta
1462 2234 1663 2276 habuisse;
1696 2234 1887 2275 XXXIII,
1919 2243 1951 2277 5,
1982 2245 2019 2277 4;

240 2297 414 2326 ceterum
437 2289 531 2324 satis
554 2301 699 2332 gnarus
721 2289 798 2323 iarn
820 2289 859 2323 in
881 2289 1088 2324 Thessalia
1109 2301 1243 2331 regem
1266 2301 1363 2324 esse.

350 2345 542 2386 ignarus:
570 2345 617 2386 V,
644 2355 700 2387 21,
727 2354 764 2387 5:
792 2345 917 2387 ignari
945 2357 985 2379 se
1012 2345 1089 2379 iam
1116 2357 1136 2379 a
1165 2345 1244 2380 suis
1272 2345 1439 2385 vatibus,
1467 2345 1544 2380 iam
1573 2347 1620 2381 ab
1648 2346 1821 2380 externis
1849 2346 2019 2382 oraculis

238 2401 435 2443 proditos;
469 2401 539 2442 VI,
571 2410 626 2443 25,
658 2411 695 2435 2;
730 2413 777 2437 ne
809 2407 941 2443 patres
973 2400 1100 2443 ignari
1133 2400 1211 2435 sint
1243 2401 1490 2436 Tusculanos
1524 2403 1571 2436 ab
1605 2402 1795 2438 societate
1827 2402 2017 2443 descisse;

237 2456 355 2499 VIII,
378 2457 434 2499 36,
457 2467 494 2498 2;
518 2457 631 2498 VIII,
653 2457 708 2499 38,
730 2467 768 2499 9;
795 2456 865 2498 IX,
887 2456 920 2497 8,
943 2466 980 2499 3;
1007 2456 1120 2497 XXI,
1144 2467 1199 2498 22,
1226 2467 1259 2498 1;
1286 2457 1481 2498 XXXIII,
1508 2467 1560 2498 10,
1583 2466 1620 2500 53
1645 2457 1790 2499 XLIV,
1813 2457 1868 2500 46,
1893 2468 1924 2500 3.

349 2513 707 2555 indignabundus:
734 2512 964 2554 XXXVIII,
988 2522 1042 2555 57,
1068 2522 1104 2554 7:
1131 2512 1374 2548 muliebriter
1399 2513 1694 2555 indignabunda
1719 2513 1814 2549 nihil
1840 2515 1887 2549 de
1913 2525 2018 2549 com-

237 2569 345 2604 muni
369 2569 447 2604 filia
470 2580 602 2604 secum
625 2569 903 2604 consultatum.

348 2635 527 2660 memor:
555 2626 583 2665 I,
609 2634 664 2667 23,
688 2635 726 2666 9:
753 2636 906 2660 memor
931 2631 1016 2659 esto
1045 2625 1184 2659 ...has
1210 2625 1305 2659 duas
1331 2625 1434 2660 acies
1461 2626 1685 2667 spectaculo
1712 2626 1814 2667 fore;
1843 2626 1870 2667 I,
1896 2636 1953 2668 3ο,
1979 2625 2017 2660 6:

236 2682 340 2717 haud
369 2693 507 2724 parum
537 2692 734 2716 memores
764 2687 801 2715 et
832 2692 990 2715 suarum
1019 2680 1160 2715 virium
1190 2688 1342 2722 partem
1375 2683 1524 2716 Romae
1554 2682 1602 2716 ab
1632 2681 1749 2717 Tatio
1779 2683 1949 2717 locatam
1979 2688 2017 2717 et

239 2735 460 2770 Romanam
481 2748 563 2770 rem
585 2748 728 2779 nuper.
746 2765 752 2770 .
770 2765 775 2770 .
793 2765 798 2770 .
816 2743 987 2777 auctam;
1012 2736 1079 2777 IV,
1100 2746 1155 2778 32,
1176 2746 1213 2779 5:
1235 2736 1282 2777 V,
1307 2736 1357 2777 16,
1383 2747 1439 2778 10;
1462 2737 1611 2778 XXVI,
1631 2748 1663 2780 9,
1684 2746 1721 2780 5;
1743 2738 1889 2779 XXIX,
1913 2748 1965 2779 11,
1985 2748 2016 2773 2.

349 2792 534 2826 nescius:
556 2792 728 2832 XXVII,
750 2801 780 2833 7,
801 2801 837 2834 5:
859 2793 962 2827 haud
982 2792 1137 2827 nescius
1157 2793 1349 2835 quosdam
1371 2804 1457 2828 esse
1478 2793 1541 2836 qui
1562 2805 1665 2829 anno
1686 2794 1907 2836 insequenti
1929 2806 2017 2838 cap-

237 2855 318 2883 tam
350 2848 600 2888 tradiderint;
634 2848 787 2888 XLIII,
823 2858 873 2889 13,
909 2859 941 2882 1:
974 2860 1052 2883 non
1085 2860 1170 2882 sum
1202 2841 1568 2891 necius....neque
1601 2849 1770 2884 nuntiari
1803 2851 2017 2886 admodum

235 2901 315 2935 ulla
338 2901 518 2944 prodigia
541 2902 579 2937 in
603 2903 803 2946 publicum
827 2915 952 2946 neque
975 2903 1015 2939 in
1038 2904 1199 2939 annales
1222 2903 1371 2939 referri.

1104 2993 1144 3022 42
