2174 3220
176 184 496 223 interclusurum;
536 182 684 222 XXIX,
727 182 777 222 18,
817 181 853 216 6:
895 193 969 224 qua
1007 188 1116 216 tanta
1155 184 1264 218 clade
1303 184 1466 219 edoctus
1505 185 1663 219 tandem
1703 185 1798 220 deos
1839 196 1942 226 esse;

176 238 414 279 XXXVIII,
436 238 491 280 36,
514 238 551 272 8:
578 236 706 272 edocti
729 237 863 279 populi
888 249 985 278 esse,
1010 250 1089 272 non
1114 245 1272 273 senatus
1297 239 1355 273 ius
1394 239 1645 281 suffragium.
1663 268 1668 274 .
1685 268 1692 274 .
1708 268 1714 274 .
1730 240 1942 282 impertire.

285 294 468 335 excipio:
500 292 568 333 IV,
596 302 652 334 30,
682 302 719 334 3:
751 293 1075 334 legem....cum
1105 294 1152 327 ab
1183 294 1350 328 tribunis
1381 295 1507 336 parari
1539 296 1721 330 consules
1750 296 1864 330 unius
1897 309 1943 331 ex

175 349 342 391 collegio
368 348 593 391 proditione
619 347 877 389 excepissent.

287 404 405 439 Cuius
433 402 644 438 locutionis
673 403 895 445 exemplum
923 415 1001 438 non
1028 402 1157 438 inveni
1185 405 1361 438 alterum.

283 459 498 501 experior:
520 459 572 499 II,
593 467 647 500 55,
666 468 704 500 9:
726 458 839 493 130110
861 458 1010 500 experti
1032 465 1120 492 sunt
1141 470 1278 500 parum
1298 465 1423 494 tutam
1442 466 1675 495 maestatem
1695 461 1776 496 sine
1796 462 1944 497 viribus

175 527 278 557 esse;
307 515 354 556 X,
381 525 436 555 22,
465 524 502 557 3:
533 520 739 556 expertum
768 526 809 549 se
838 513 933 548 nihil
961 514 1150 549 concordi
1179 514 1350 556 collegio
1380 515 1528 549 firmius
1559 517 1607 550 ad
1637 527 1719 550 rem
1748 517 1945 559 publicam

173 571 358 606 tuendam
381 582 483 611 esse;
509 570 644 610 XXII,
666 579 722 611 35,
746 580 782 611 3:
807 577 889 604 tum
915 576 1075 611 experta
1099 569 1284 604 nobilitas
1307 582 1444 612 parum
1468 571 1589 606 fuisse
1612 571 1753 606 virium
1776 572 1814 606 in
1840 584 1945 607 com-

174 625 409 669 petitoribus
435 625 533 667 eius;
562 626 712 666 XXXI,
738 634 768 667 7,
798 635 854 667 14:
882 625 1033 668 experti
1057 625 1135 659 iarn
1161 636 1295 660 sumus
1322 625 1420 660 foris
1445 626 1559 661 nobis
1587 639 1702 668 quam
1729 627 1835 662 domi
1861 628 1945 663 feli—

173 681 281 717 ciora
301 681 603 724 potentioraque
627 693 735 715 arma
757 692 858 722 esse;
882 680 1050 721 XXXV,
1071 689 1126 722 45,
1148 681 1186 715 6:
1210 680 1305 715 nihil
1329 681 1431 715 enim
1455 681 1566 723 aequi
1589 683 1636 716 ab
1662 683 1851 718 Romanis
1874 683 1945 717 im-

173 736 318 779 petrari
351 736 672 779 posse....satis
705 742 910 779 expertum
942 747 1044 778 esse;
1079 736 1292 777 XXXVII,
1328 737 1379 777 18,
1411 746 1447 779 5:
1481 744 1666 779 expertus
1700 739 1803 773 nulla
1834 746 1945 781 parte

173 792 314 828 virium
341 804 381 827 se
406 804 541 835 parem
567 804 663 827 esse.

283 849 477 890 exploro:
504 847 629 883 active
655 854 887 891 usurpatum
915 848 1016 890 apud
1045 847 1200 882 Livium
1227 859 1418 890 nusquam
1445 848 1641 883 invenitur
1669 851 1743 885 hoe
1770 852 1944 886 verbum.

284 904 549 946 exploratum
590 904 740 938 habeo:
783 903 906 945 XXV,
946 903 1002 946 38,
1046 903 1102 938 16:
1146 903 1395 946 exploratum
1437 905 1562 939 habeo
1604 917 1683 940 non
1722 906 1946 948 vigiliarum

173 958 365 1001 ordinem,
396 971 476 994 non
507 959 699 994 stationes
729 958 852 994 iustas
884 970 986 1000 esse;
1021 959 1105 1000 XL,
1136 959 1191 1001 36,
1221 969 1259 1001 3:
1291 959 1355 1002 qui
1386 959 1480 994 illud
1513 961 1761 1003 exploratum
1792 963 1945 1005 habeat,

173 1015 375 1058 quieturos
401 1014 557 1056 milites,
586 1014 616 1049 si
643 1014 788 1050 diutius
814 1015 853 1049 in
879 1014 1081 1057 provincia
1108 1014 1360 1049 retineantur.

284 1071 451 1112 ignor-oz
476 1071 505 1111 Ι,
527 1070 583 1111 28,
607 1079 644 1112 5:
667 1076 710 1105 ut
733 1082 803 1105 nec
827 1070 941 1105 vobis
963 1070 1239 1112 ignorantibus
1262 1070 1389 1106 deseri
1413 1083 1484 1106 vos
1510 1078 1752 1107 averteretur
1776 1085 1797 1108 a
1821 1081 1944 1109 certa-

171 1127 268 1161 mine
302 1126 465 1167 animus;
502 1127 530 1167 I,
563 1136 616 1168 34,
650 1135 690 1168 3:
726 1126 900 1168 ignorans
935 1138 1070 1161 nurum
1103 1134 1269 1161 ventrem
1307 1127 1426 1167 ferre;
1464 1128 1513 1168 11,
1551 1137 1600 1170 13,
1635 1137 1674 1170 33
1712 1129 1778 1170 VI,
1812 1140 1866 1170 41,
1900 1140 1940 1171 4;

175 1183 244 1225 ΙΧ,
268 1193 301 1225 9,
326 1192 364 1225 33
391 1182 504 1223 XXI,
533 1191 584 1224 13,
609 1192 646 1223 2;
674 1182 808 1223 XXII,
835 1190 890 1224 59,
919 1192 952 1223 1;
979 1182 1128 1223 XXXI,
1157 1191 1187 1224 7,
1213 1192 1250 1223 23
1280 1182 1450 1224 XXXII,
1477 1193 1532 1223 20,
1559 1183 1596 1224 6;
1626 1184 1799 1226 XXXII,
1826 1195 1880 1227 30,
1906 1196 1945 1228 9;

172 1239 301 1279 XLII,
329 1248 380 1279 12,
405 1247 435 1279 7.

278 1292 498 1334 intellego:
517 1292 564 1334 V,
586 1303 637 1334 11,
660 1302 717 1336 13:
739 1304 864 1336 neque
883 1292 1112 1336 intellegere
1136 1293 1243 1335 (eos)
1266 1294 1434 1329 nocendi
1456 1294 1528 1329 sibi
1547 1294 1691 1330 diutius
1712 1302 1795 1330 tum
1814 1303 1946 1339 potes-

172 1353 294 1382 tatem
314 1354 489 1390 ereptam
509 1360 612 1390 esse;
633 1349 680 1391 V,
699 1359 754 1392 29,
773 1349 810 1391 83
834 1349 905 1390 IX,
923 1349 978 1391 26,
1003 1359 1059 1391 12,
1081 1349 1232 1390 XXVI,
1256 1360 1307 1391 12,
1327 1361 1364 1391 4;
1388 1350 1577 1392 XXXVI,
1595 1361 1627 1393 9,
1647 1361 1685 1393 9;
1707 1351 1789 1392 XL,
1808 1360 1863 1394 27,
1887 1362 1944 1394 15,

172 1404 254 1445 XL,
277 1412 332 1446 55,
353 1413 391 1446 3;
416 1404 538 1445 XLV,
560 1405 615 1446 36,
638 1413 668 1446 5·

283 1460 472 1494 invenio:
491 1459 530 1494 in
551 1460 696 1496 decade
715 1460 842 1503 prima
861 1460 957 1496 locis
977 1460 1117 1503 viginti
1138 1473 1216 1496 acc.
1238 1473 1325 1496 cum
1345 1461 1411 1496 inf.
1434 1461 1533 1497 coni.
1554 1462 1655 1505 regit
1676 1463 1751 1498 hoc
1770 1463 1946 1505 verbum,

171 1514 211 1549 in
237 1515 378 1550 ceteris
407 1515 515 1550 libris
556 1516 618 1558 qui
646 1516 760 1551 nobis
788 1523 947 1559 praesto
976 1523 1064 1551 sunt
1104 1516 1238 1552 octies.

285 1570 437 1605 Eodem
460 1571 542 1606 fere
566 1583 682 1607 sensu
705 1579 937 1614 usurpatum
960 1584 1000 1607 ac
1028 1573 1174 1608 locutio
1199 1573 1433 1608 “convenire
1458 1573 1650 1616 aliquem''
1674 1574 1823 1617 aliquot
1848 1575 1946 1611 locis

172 1637 249 1661 acc.
275 1638 363 1661 cum
386 1633 484 1668 part.
509 1626 678 1662 adhibet.

283 1682 443 1717 nescio:
465 1682 653 1724 XXXIV,
674 1683 706 1724 6,
725 1693 763 1725 9:
786 1683 870 1726 quis
892 1683 1011 1726 igitur
1032 1683 1157 1719 nescit
1179 1696 1322 1719 novam
1345 1696 1430 1720 eam
1452 1685 1579 1727 legem
1603 1687 1713 1721 esse?

283 1738 464 1773 Alterum
492 1750 571 1773 non
600 1738 729 1773 inveni
760 1740 992 1782 exemplum.
1048 1740 1126 1775 Cfr.
1156 1740 1355 1782 “ignoro’'

284 1796 403 1828 noto:
427 1793 521 1835 VII,
544 1804 599 1836 34,
627 1803 684 1836 15:
709 1807 756 1830 ne
782 1796 921 1830 ducem
946 1795 1151 1831 circumire
1177 1797 1313 1830 hostes
1337 1802 1532 1831 notarent.

283 1849 464 1884 Alterum
490 1849 603 1884 huius
629 1850 737 1884 verbi
765 1850 890 1885 active
915 1851 1092 1894 usurpati
1119 1863 1198 1886 non
1225 1851 1355 1886 inveni
1385 1853 1618 1894 exemplum.

283 1905 517 1946 praecipio:
537 1905 774 1947 XXXVIII,
793 1916 848 1947 20,
871 1917 905 1941 1:
926 1919 1005 1941 non
1026 1907 1246 1942 comminus
1267 1919 1439 1950 pugnam
1461 1909 1528 1942 sed
1549 1909 1684 1950 procul
1706 1908 1802 1943 10015
1823 1919 1946 1951 oppu-

171 1960 339 2003 gnandis
365 1961 538 1995 futuram
564 1968 817 2004 praeceperat
845 1962 987 1997 animo.

283 2025 578 2057 praemoneor:
610 2017 657 2057 X,
690 2027 741 2059 14,
773 2026 808 2059 7:
840 2017 1096 2060 praemonitis
1127 2018 1317 2054 militibus
1348 2020 1485 2054 adesse
1518 2026 1727 2054 certamen.

284 2072 523 2113 praesagio:
561 2072 712 2114 XXVI,
746 2083 802 2115 41,
840 2083 896 2115 19:
934 2073 1086 2108 animus
1123 2085 1276 2116 quoque
1313 2075 1730 2118 meus....praesagit
1767 2081 1945 2111 nostram

173 2126 408 2169 Hispaniam
429 2139 526 2162 esse.

284 2184 493 2224 praescio:
517 2183 668 2225 XXIV,
691 2184 746 2225 26,
768 2195 806 2219 2:
831 2196 875 2219 ea
899 2197 986 2220 cum
1009 2186 1056 2220 ad
1083 2198 1122 2220 se
1147 2198 1301 2229 quoque
1323 2187 1446 2221 veniri
1470 2187 1715 2229 praescisset.

284 2240 373 2274 Hoc
400 2246 552 2274 tantum
578 2239 707 2274 inveni
734 2241 967 2283 exemplum.

284 2295 503 2336 provideo:
529 2295 677 2336 XXXI,
706 2306 733 2337 1,
758 2305 795 2338 5:
822 2296 899 2331 iam
925 2296 1114 2339 provideo
1142 2297 1420 2332 animo....in
1445 2298 1660 2333 vastiorem
1686 2310 1747 2333 me
1774 2297 1944 2333 altitudi-

172 2360 262 2383 nem
288 2360 331 2384 ac
357 2351 464 2384 velut
488 2351 730 2392 profundum
756 2351 897 2386 invehi.

282 2406 468 2446 reperio:
494 2406 607 2440 huius
632 2408 739 2441 verbi
766 2409 914 2441 nullum
940 2409 1041 2450 apud
1068 2414 1248 2443 nostrum
1274 2409 1404 2443 inveni
1430 2410 1663 2452 exemplum.

283 2461 388 2495 scio:
413 2461 479 2495 inf.
507 2473 630 2503 praes.
657 2474 742 2504 gen.
768 2470 839 2497 act.
866 2463 1007 2505 legitur
1033 2464 1129 2498 10015
1154 2465 1241 2506 plus
1267 2464 1481 2506 sexaginta.

281 2515 347 2550 inf.
374 2517 469 2558 perf.
495 2529 581 2559 gen.
607 2525 679 2552 act.
705 2519 766 2553 vel
791 2519 899 2553 verbi
924 2520 1008 2561 dep.
1034 2526 1244 2562 usurpatur
1269 2521 1366 2555 10015
1390 2520 1528 2562 viginti
1557 2521 1735 2562 quinque.

283 2571 349 2606 inf.
375 2572 444 2606 fut.
467 2572 575 2607 verbi
600 2580 672 2608 act.
696 2574 758 2608 vel
782 2575 866 2617 dep.
892 2575 988 2610 locis
1011 2575 1151 2618 viginti
1176 2576 1344 2618 quinque
1369 2575 1574 2611 invenitur.

284 2627 350 2662 inf.
373 2639 498 2670 praes.
521 2640 606 2670 gen.
630 2641 730 2671 pass
756 2636 884 2665 exstat
907 2631 1004 2665 locis
1028 2632 1353 2673 quattuordecim.

284 2682 350 2717 inf.
375 2683 471 2725 perf.
496 2696 581 2726 gen.
606 2696 708 2726 pass.
734 2686 820 2727 plus
843 2685 964 2720 vicies
987 2692 1208 2729 usurpatur.

283 2737 350 2772 inf.
375 2740 536 2780 gerund.
562 2740 765 2782 quinquies
791 2741 943 2783 legitur.

283 2794 440 2828 sentio:
468 2794 535 2828 inf.
563 2807 676 2837 praes
703 2808 789 2838 gen.
819 2803 880 2831 act
908 2796 1104 2832 invenitur
1131 2797 1227 2832 locis
1255 2798 1342 2840 plus
1371 2797 1542 2839 triginta.

283 2847 349 2883 inf.
374 2850 471 2891 perf.
498 2862 583 2892 gen.
611 2857 682 2886 act.
709 2852 770 2886 vel
794 2852 903 2886 verbi
928 2853 1012 2894 dep.
1040 2852 1182 2894 legitur
1208 2853 1362 2894 septies.

284 2903 350 2939 inf.
378 2916 502 2947 praes.
530 2918 604 2948 gen
631 2918 733 2948 pass.
758 2914 969 2950 usurpatur
996 2908 1093 2943 locis
1118 2908 1311 2943 undecim.

1036 2991 1076 3022 23
