2174 3220
326 157 518 192 nuntior:
542 155 610 198 IV,
630 166 686 197 21,
707 164 745 198 5:
766 167 879 191 ruere
901 155 940 190 in
961 155 1066 198 agris
1088 155 1369 190 nuntiabantur
1391 161 1511 197 tecta;
1534 154 1605 197 *V,
1630 165 1658 197 1,
1679 155 1718 191 8:
1740 155 1813 192 etsi
1836 156 1989 200 quietae

214 226 276 249 res
305 226 352 249 ex
381 213 538 248 Etruria
566 212 864 254 nuntiabantur;
893 211 1008 253 VIII,
1035 222 1091 253 22,
1120 221 1156 254 7:
1185 210 1445 254 pestilentiae,
1474 223 1571 254 quae
1600 213 1825 247 Romanum
1851 213 1990 247 urbem

212 271 351 305 adorta
376 269 639 310 nuntiabatur,
666 268 807 309 fidens;
835 268 968 309 *XXL
995 277 1049 310 51,
1076 277 1112 310 5:
1140 267 1317 303 escensio
1345 267 1519 302 hostium
1546 268 1585 302 in
1611 279 1749 310 agrum
1774 268 1990 304 Vibonien-

215 339 296 361 sem
323 327 427 361 facta
452 325 670 366 nuntiatur;
698 325 830 367 XXII,
856 333 911 366 54,
935 334 973 366 9:
1002 335 1090 359 cum
1106 351 1112 358 .
1129 352 1135 358 .
1152 352 1158 358 .
1175 352 1182 358 .
1199 324 1427 359 consulares
1454 323 1649 359 exercitus
1675 324 1810 359 amissi
1838 324 1990 360 nuntia-

213 385 371 424 bantur;
394 381 607 422 *XXVIIL
628 389 660 423 5,
682 389 718 422 7:
743 392 790 416 ne
814 393 862 416 ex
883 391 1007 422 regno
1030 380 1187 422 quidem
1210 379 1332 422 ipsius
1355 379 1589 422 tranquillae
1611 379 1893 415 nuntiabantur
1916 390 1989 414 res.

325 441 470 480 putor:
494 437 678 478 XXXIV,
705 437 755 477 16,
782 447 814 471 1:
839 436 912 471 tria
935 448 980 471 eo
1005 436 1066 471 die
1089 435 1299 471 laudabilia
1320 435 1462 471 fecisse
1486 442 1655 478 putatur.

323 494 519 529 simulor:
543 494 571 534 I,
593 502 647 535 53,
671 501 707 534 7:
730 493 876 527 bellum
900 493 1004 535 quod
1026 492 1201 535 positum
1225 492 1445 534 simuletur;
1471 491 1693 533 *XXVIIL
1717 491 1772 533 26,
1799 501 1856 527 11:
1882 503 1990 527 exer-

213 551 313 585 citus
338 550 449 585 cuius
477 549 734 584 simulabatur
759 548 843 583 iter.

323 606 489 641 trador:
512 605 579 646 IV,
598 614 653 647 37,
678 615 711 639 1:
732 604 940 647 peregrina
961 616 1023 638 res
1045 604 1113 639 sed
1134 604 1325 639 memoria
1345 604 1463 646 digna
1485 603 1652 639 traditur
1674 615 1720 639 eo
1742 615 1846 639 anno
1869 603 1989 645 faeta;

212 663 259 705 V,
284 672 339 705 27,
366 673 422 697 12:
450 662 502 696 ita
528 661 648 696 locuti
675 661 898 702 traduntur;
925 660 1018 701 VII,
1042 660 1098 701 28,
1122 670 1160 702 9:
1186 660 1349 695 iudicia.
1366 688 1372 694 .
1389 688 1396 694 .
1413 660 1474 695 ‚in
1499 660 1769 695 faeneratores
1795 659 1922 694 facta.
1938 688 1944 694 .
1960 687 1990 694 ..

213 721 436 760 traduntur,
460 718 593 759 XXII,
614 727 644 759 7,
665 728 702 759 4:
725 716 930 759 multiplex
953 717 1091 751 caedes
1112 715 1309 758 utrimque
1330 716 1434 751 facta
1456 716 1639 758 traditur;
1664 716 1854 757 XXXIV,
1875 726 1930 757 22,
1953 726 1989 750 2:

212 782 304 809 octo
332 774 437 808 milia
465 774 668 809 Gallorum
694 785 806 807 caesa
833 773 1056 813 traduntur;
1085 773 1166 812 XL,
1192 783 1247 814 4ο,
1277 783 1332 806 11:
1360 773 1496 807 decem
1524 779 1560 807 et
1589 778 1739 815 septem
1767 772 1873 807 milia
1901 773 1990 806 hos-

214 830 310 864 tium
333 841 445 864 caesa
469 842 514 864 eo
537 829 597 864 die
621 830 844 869 traduntur,
870 829 997 871 XLII,
1022 838 1052 870 7,
1073 839 1110 870 9;
1135 828 1279 869 XLIV,
1306 839 1357 870 14,
1384 838 1417 870 13
1442 828 1563 869 XLV,
1586 828 1641 870 28,
1663 838 1694 870 9.

325 951 490 986 Videor.

911 1018 943 1056 Ι.
1003 1019 1092 1055 “to
1121 1017 1290 1057 seem.’'

210 1130 265 1170 A.
320 1130 518 1170 Additur
543 1141 735 1182 persona
761 1129 831 1170 cui
860 1129 966 1182 quid
993 1130 1184 1171 videtur.

322 1229 389 1264 inf.
427 1241 551 1272 praes.
588 1229 696 1263 verbi
733 1236 805 1263 act.
842 1229 903 1263 vel
940 1229 1024 1271 clep.
1062 1228 1313 1263 inveniuntur
1350 1229 1463 1263 huius
1501 1228 1607 1263 modi
1646 1227 1867 1263 locutiones
1904 1227 1991 1270 plus

211 1286 426 1328 octoginta.

325 1342 391 1377 inf.
429 1342 497 1376 fut.
535 1353 620 1384 gen.
658 1348 730 1376 act.
767 1341 837 1381 VI,
874 1350 928 1383 25,
963 1351 1000 1383 3:
1038 1353 1107 1376 nec
1145 1348 1277 1376 tamen
1313 1347 1379 1375 aut
1415 1340 1488 1383 ipsi
1525 1347 1591 1376 aut
1626 1341 1664 1375 in
1702 1340 1875 1376 exercitu
1913 1340 1991 1376 cui-

212 1410 373 1442 quam..
391 1427 419 1433 ..
437 1398 626 1433 Camillus
649 1398 797 1432 laturus
821 1398 975 1440 culpam
998 1397 1079 1432 eius
1101 1397 1317 1432 videbatur.
1367 1397 1508 1432 Exstat
1531 1397 1649 1432 etiam
1671 1397 1837 1432 alterum
1862 1408 1992 1432 exem—

212 1455 329 1497 plum.

322 1510 388 1544 inf.
415 1510 511 1552 perf.
538 1521 624 1552 gen.
650 1516 722 1544 act.
750 1516 935 1552 quattuor
962 1516 1091 1545 exstat
1117 1509 1225 1545 locis.

326 1565 393 1601 inf.
418 1577 543 1609 praes.
569 1577 654 1608 gen.
677 1577 780 1609 pass.
807 1565 931 1600 tribus
956 1565 1053 1600 locis
1078 1572 1299 1608 usurpatur.

322 1622 389 1656 inf.
416 1622 486 1656 fut.
512 1634 598 1664 gen.
624 1633 725 1664 pass.
753 1633 945 1664 nusquam
972 1621 1178 1656 invenitur.

317 1678 384 1712 inf.
407 1678 503 1720 perf.
527 1690 613 1720 gen.
637 1689 738 1720 pass.
763 1677 908 1720 septies
932 1677 1072 1712 inveni.

327 1734 394 1768 inf.
420 1735 580 1776 gerund.
607 1740 758 1776 septem
784 1740 912 1769 exstat
939 1734 1046 1769 locis.

204 1855 250 1896 B.
314 1855 453 1895 Deest
474 1854 646 1895 dativus
669 1866 895 1906 personae.

322 1953 387 1988 inf.
405 1965 525 1997 praes.
542 1954 647 1989 verbi
665 1960 738 1989 act.
754 1955 813 1989 vel
830 1955 915 1998 dep.
936 1955 1058 1990 inveni
1075 1955 1169 1990 locis
1187 1955 1358 1990 ducentis
1374 1955 1506 1999 viginti
1525 1956 1700 2000 quinque.

326 2010 396 2045 inf:
419 2011 488 2045 fut.
515 2023 599 2053 gen.
626 2018 698 2046 act.
724 2012 810 2054 plus
837 2012 1070 2055 quadragies
1095 2019 1316 2054 usurpatur.

323 2067 389 2101 inf,
411 2067 511 2102 coni.
534 2067 702 2110 periphr.
726 2067 874 2109 XXVI,
896 2078 951 2110 23,
971 2078 1008 2110 2;
1029 2079 1084 2111 44,
1105 2079 1142 2111 4:
1166 2068 1351 2110 XXXIV,
1371 2079 1403 2111 4,
1428 2079 1484 2112 14;
1507 2068 1739 2111 XXXVIII,
1761 2078 1816 2112 50,
1840 2079 1873 2110 1;

213 2123 404 2164 XXXIX,
428 2133 482 2165 40,
505 2134 536 2165 4.

327 2178 394 2214 inf.
421 2179 518 2222 perf.
545 2179 653 2215 verbi
682 2186 753 2215 act.
779 2180 852 2216 vel.
879 2181 964 2224 dep.
993 2181 1172 2224 exempla
1199 2187 1356 2216 exstant
1384 2181 1667 2224 quinquaginta
1694 2181 1874 2224 quinque.

323 2235 389 2269 inf.
416 2247 540 2277 praes.
567 2248 652 2277 gen.
678 2248 780 2278 pass.
806 2236 969 2278 triginta
994 2244 1205 2279 usurpatur
1231 2237 1337 2272 locis.

323 2291 389 2325 inf.
419 2291 487 2325 fut.
516 2304 601 2333 gen.
629 2304 730 2334 pass.
758 2293 912 2333 XXIII,
938 2303 993 2335 34,
1025 2303 1081 2335 13:
1109 2294 1224 2334 bello,
1252 2295 1356 2336 quod
1383 2301 1535 2328 motum
1562 2294 1607 2328 iri
1633 2294 1848 2329 videbatur.

327 2347 394 2381 inf.
421 2359 507 2389 gen.
531 2359 633 2390 pass,
659 2354 788 2383 exstat
813 2348 910 2383 locis
936 2348 1228 2391 quinquaginta.

329 2402 396 2437 inf.
427 2404 588 2444 gerund.
618 2404 804 2439 undecies
834 2404 1040 2439 invenitur.

889 2526 942 2567 ΙΙ.
1005 2536 1030 2553 “
1045 2528 1094 2564 to
1121 2527 1310 2568 think.”

210 2636 263 2676 A.
319 2636 482 2678 Exstat
505 2637 684 2678 dativus
708 2650 939 2690 personae.

324 2736 391 2770 inf.
417 2748 541 2779 praes.
567 2737 675 2772 verbi
701 2744 773 2773 act.
799 2738 870 2772 vel.
898 2738 982 2779 dep.
1010 2744 1194 2780 quattuor
1221 2745 1377 2773 exstant
1404 2739 1593 2782 exempla.

327 2792 394 2826 inf.
418 2792 486 2827 fut.
510 2805 595 2835 gen.
619 2800 690 2828 act.
714 2793 785 2834 VI,
806 2803 860 2836 25,
882 2803 918 2835 3;
944 2794 1112 2835 XXVII,
1135 2804 1190 2836 29,
1211 2804 1242 2836 3.

324 2848 390 2883 inf.
415 2849 511 2891 perf.
537 2855 609 2885 act.
634 2849 796 2891 XXXV,
820 2859 875 2892 51,
903 2861 952 2885 10.

327 2904 508 2940 infinitivi
533 2917 619 2947 gen.
644 2917 744 2948 pass.
770 2919 848 2941 non
873 2906 1133 2941 inveniuntur.

1081 2994 1120 3029 54
