2174 3220
306 185 510 211 memoro:
532 175 598 209 inf.
619 186 742 217 praes.
764 181 835 209 act.
857 174 999 216 legitur
1020 175 1086 215 VI,
1106 185 1137 216 9,
1159 185 1194 217 3;
1219 175 1286 215 IX,
1309 186 1372 217 14„
1394 186 1450 217 10;
1474 176 1601 217 XXV,
1621 186 1676 219 30,
1700 187 1732 219 1;
1754 178 1964 221 XXXVII,

195 242 227 274 9,
255 242 287 274 9-

307 287 373 321 inf.
401 287 496 329 perf.
524 292 596 320 act.
624 286 685 320 vel
712 285 819 320 verbi
847 286 930 327 dep.
961 285 1104 327 septies
1131 285 1337 320 invenitur,

306 343 373 377 inf.
398 342 493 384 perf.
519 353 604 384 gen.
629 353 730 383 pass.
757 353 899 375 novem
925 341 1020 375 locis
1046 348 1184 375 exstat.

308 399 509 432 mentIor:
551 397 697 437 XXIV,
737 405 768 438 5,
814 407 870 431 12:
913 397 1161 431 Thrasonem
1203 409 1287 431 esse
1330 404 1531 432 auctorem
1573 399 1724 433 consilii
1768 400 1965 436 mentitus.

198 455 275 490 Cfr.
299 455 462 489 verbum
485 452 735 487 “ementior’'.

307 509 501 543 miniter:
528 508 673 548 XXVI,
700 517 731 550 5,
762 517 817 550 15:
845 507 1037 542 iacturum
1063 507 1101 541 in
1127 508 1279 542 medios
1306 520 1373 542 eos
1404 508 1598 551 (signum)
1629 509 1830 552 minitans;
1861 512 1967 553 XLI,

200 575 250 606 10,
275 565 312 600 8:
339 564 494 599 vinctos
520 576 560 599 se
587 564 740 598 Iunium
766 563 1034 605 Manliumque
1062 563 1247 597 minitans
1276 565 1444 598 Romam
1470 564 1691 598 missurum.

307 621 464 654 minor:
492 621 544 660 II,
570 630 625 661 43,
652 630 689 654 2:
718 621 885 654 Romam
912 619 1037 661 ipsam
1066 630 1106 653 se
1132 626 1431 661 oppugnaturos
1459 619 1724 660 minabantur;
1754 620 1823 659 III,
1850 629 1904 662 53,
1930 629 1966 662 5;

200 676 268 717 IV,
291 686 323 717 2,
350 686 406 718 13;
431 676 478 717 V,
501 686 533 718 9,
558 686 594 718 4;
620 675 691 716 VI,
719 684 769 716 17,
793 675 830 716 6;
855 675 948 715 VII,
973 684 1004 717 5,
1029 683 1065 716 5;
1094 674 1163 715 IX,
1188 685 1243 716 41,
1272 674 1327 715 16;
1355 674 1511 715 XXIII,
1535 685 1590 715 22,
1617 684 1653 716 7;
1681 675 1826 715 XXVI,
1855 685 1906 717 13,
1935 686 1967 716 1;

199 732 395 772 XXVIII,
426 742 476 773 19,
506 731 562 772 16;
590 731 714 772 XLII,
741 731 795 772 63,
823 740 852 772 7.

308 788 452 822 mitto:
478 787 621 827 XXIV,
648 797 699 828 19,
723 796 759 828 3:
783 786 913 828 itaque
940 786 1083 821 Nolam
1108 787 1155 820 ad
1180 786 1374 827 collegam
1398 785 1530 826 mittit,
1554 786 1678 821 altero
1704 786 1899 821 exercitu.
1917 814 1969 821 ...

198 855 296 886 opus
321 855 422 884 esse;
447 843 632 883 XXXIV,
655 852 710 884 29,
731 853 769 884 9:
794 842 954 876 miserat
977 842 1024 876 ad
1048 842 1221 883 legatum
1247 843 1470 876 Romanum
1493 841 1728 876 traditurum
1753 853 1792 876 se
1815 842 1968 883 urbem:

198 900 385 941 XXXVI,
413 900 444 941 8,
473 899 509 934 6:
538 900 585 934 ad
614 900 667 933 M.
698 898 886 933 Baebium
914 904 1214 940 propraetorem
1242 897 1359 937 misit,
1389 897 1631 932 Antiochum
1658 897 1697 932 in
1724 897 1971 932 Thessaliam

198 956 388 998 impetum
413 955 565 990 fecisse.

310 1012 389 1047 Cfr.
424 1012 641 1046 locutones.
675 1022 771 1052 quae
806 1016 896 1043 sunt
929 1010 1132 1043 “oratores
1166 1009 1317 1049 mitto'’,
1350 1008 1524 1043 “litteras
1559 1015 1595 1043 et
1629 1010 1787 1044 nuntios
1820 1009 1970 1050 mitt0'',

199 1069 299 1111 apud
326 1074 506 1102 nostrum
532 1078 608 1101 acc.
635 1077 735 1100 cum.
763 1065 829 1099 inf.
857 1065 956 1100 coni.
985 1071 1178 1107 regentes.

309 1133 476 1158 moneo:
505 1122 655 1162 XXIV,
682 1132 737 1163 24,
763 1132 799 1156 2:
828 1121 956 1155 fessus
984 1121 1143 1155 tandem
1169 1120 1304 1155 uxoris
1333 1120 1495 1155 vocibus
1524 1120 1720 1155 monentis
1749 1133 1848 1156 nunc
1878 1121 1971 1155 illud

200 1192 285 1215 esse
307 1187 461 1222 tempus
483 1177 700 1220 occupandi
722 1189 800 1218 res;
824 1177 970 1217 XXVI,
990 1186 1045 1218 43,
1070 1187 1103 1211 1:
1127 1187 1214 1211 cum
1236 1176 1454 1210 monuisset
1477 1176 1699 1218 praefectos
1724 1177 1924 1211 navium..
1942 1205 1971 1211 ..

199 1233 331 1268 omnia
355 1234 497 1276 ubique
522 1234 649 1275 primo
674 1234 882 1268 obsessum
908 1233 1065 1267 hostem
1091 1231 1235 1267 conari.

310 1296 520 1327 monstro:
546 1292 660 1333 VIII,
685 1302 739 1333 39,
765 1292 801 1326 6:
829 1292 933 1333 quod
958 1303 1086 1330 manu,
1113 1291 1217 1333 quod
1242 1302 1338 1325 voce
1365 1297 1531 1332 poterat,
1557 1291 1804 1325 monstrabat
1830 1291 1972 1326 vexilla

202 1361 241 1384 se
271 1360 431 1383 suorum
459 1360 692 1391 parmasque
723 1360 881 1382 cernere
911 1347 1095 1389 equitum.

311 1420 457 1444 narro:
478 1410 523 1449 X,
543 1420 597 1450 20,
618 1419 655 1451 3:
678 1408 811 1444 Caleni
833 1414 992 1443 narrant
1013 1414 1167 1443 tanturn
1187 1407 1264 1442 iam
1283 1408 1450 1450 praedae
1472 1407 1598 1442 hostis
1619 1408 1789 1449 trahere;
1812 1408 1973 1449 XXXV,

200 1476 254 1508 49,
278 1475 314 1508 5:
339 1466 431 1500 dum
454 1465 491 1499 hi
516 1466 563 1500 ab
588 1477 628 1500 se
651 1464 799 1500 victum
824 1463 1060 1507 Philippum,
1085 1475 1153 1498 sua
1175 1463 1320 1498 virtute
1345 1468 1548 1505 protectos
1575 1465 1776 1498 Romanos
1803 1470 1851 1505 et,
1877 1476 1973 1507 quae

199 1523 318 1557 modo
345 1521 572 1560 audiebatis,
598 1526 771 1563 narrant,
795 1532 867 1555 vos
893 1526 1122 1561 ceterasque
1147 1518 1326 1554 civitates
1353 1525 1389 1553 et
1414 1525 1552 1561 gentes
1579 1531 1688 1553 suam
1715 1525 1861 1553 sectam
1887 1530 1972 1552 esse

200 1584 414 1612 secuturos.

312 1643 435 1674 nego:
460 1632 526 1667 inf.
553 1644 676 1675 praes.
702 1644 788 1674 gen.
813 1638 885 1666 act.
912 1638 1040 1666 exstat
1065 1631 1348 1673 quinquaginta
1372 1631 1452 1666 fere
1479 1630 1585 1665 locis.

312 1689 378 1723 inf.
402 1689 497 1731 perf.
522 1695 593 1723 act.
618 1688 933 1730 quattuordecim
956 1687 1052 1722 locis
1076 1687 1228 1729 legitur.

311 1744 377 1779 inf.
404 1745 472 1778 fut.
499 1751 571 1779 act.
598 1744 759 1786 triginta
785 1744 865 1778 fere
893 1743 988 1778 locis
1013 1750 1234 1784 usurpatur.

313 1801 378 1834 inf.
409 1812 532 1843 praes.
563 1812 648 1842 gen.
679 1811 780 1842 pass.
809 1799 1017 1834 duodecim
1047 1799 1143 1833 locis
1173 1805 1311 1833 exstat.

311 1856 377 1890 inf.
400 1856 497 1898 perf.
521 1867 622 1898 pass.
649 1855 792 1898 septies
817 1854 969 1897 legitur.

311 1912 377 1946 inf.
408 1912 569 1954 gerund.
601 1911 796 1945 invenitur
826 1910 1141 1952 quattuordecim
1172 1909 1279 1945 locis.

311 1977 523 2009 nuncupo:
552 1968 580 2007 I,
611 1977 661 2007 10,
687 1976 723 2008 7:
751 1978 821 2001 nec
846 1966 997 2000 irritam
1025 1965 1242 2001 conditoris
1270 1965 1405 2007 templi
1433 1976 1571 1999 vocem
1598 1976 1695 2005 esse,
1723 1976 1796 2006 qua
1824 1965 1971 1999 laturos

201 2037 245 2059 eo
271 2024 394 2067 spolia
418 2030 600 2065 posteros
624 2022 873 2064 nuncupavit.

312 2080 430 2114 Cuius
454 2078 561 2113 verbi
585 2090 662 2113 acc.
685 2090 784 2112 cum.
810 2078 876 2112 inf.
901 2077 999 2112 coni.
1024 2077 1196 2119 regentis
1221 2078 1388 2111 alterum
1412 2077 1512 2118 apud
1537 2084 1716 2110 nostrum
1741 2088 1818 2110 non
1842 2076 1970 2110 inveni

201 2136 433 2177 exemplum.

312 2191 478 2224 nuntio:
505 2190 570 2223 inf.
597 2201 720 2232 praes.
748 2201 833 2231 gen.
861 2196 932 2223 act.
959 2188 1101 2230 legitur
1128 2188 1386 2230 quadraginta
1413 2187 1492 2221 fere
1520 2187 1626 2221 locis.

311 2246 377 2280 inf.
401 2245 497 2288 perf.
522 2252 593 2280 act.
619 2245 779 2287 triginta
803 2245 884 2279 fere
910 2244 1006 2278 locis
1031 2251 1170 2279 exstat.

311 2301 377 2336 inf.
402 2301 470 2335 fut.
494 2307 565 2335 act.
591 2300 735 2342 septies
758 2300 964 2334 invenitur.

311 2356 377 2391 inf.
402 2356 558 2398 coniug.
584 2356 752 2399 periphr.
778 2362 989 2398 usurpatur
1016 2355 1140 2395 XXX,
1170 2363 1221 2396 15,
1247 2363 1277 2396 5.

312 2412 377 2446 inf.
403 2424 526 2455 praes.
552 2424 636 2453 gen.
663 2423 763 2453 pass.
788 2410 927 2453 viginti
952 2411 1033 2445 fere
1058 2410 1154 2445 locis
1180 2410 1332 2452 legitur.

312 2467 377 2501 inf.
402 2467 497 2509 perf.
523 2479 623 2509 pass.
648 2466 809 2508 triginta
832 2467 914 2501 fere
937 2466 1034 2501 locis
1058 2472 1198 2500 exstat.

311 2523 465 2557 obicio:
498 2522 685 2562 XXXIV,
717 2532 771 2563 23,
801 2532 838 2563 9:
872 2521 935 2563 qui
951 2550 958 2555 .
975 2550 981 2555 .
998 2550 1003 2555 .
1021 2550 1027 2555 .
1043 2521 1199 2555 obicere
1233 2532 1386 2562 semper
1421 2520 1524 2554 soliti
1559 2520 1633 2553 sint
1668 2530 1900 2560 numquam.
1918 2546 1947 2552 ..
1965 2547 1970 2551 .

201 2579 363 2612 liberam
391 2578 594 2613 Graeciam
621 2578 722 2618 fore;
751 2577 939 2617 XXXIX,
963 2587 1018 2618 42,
1043 2577 1081 2612 8:
1108 2577 1209 2611 inter
1236 2583 1365 2611 cetera
1391 2575 1534 2610 obiecit
1562 2575 1594 2609 ei
1624 2574 1846 2616 Philippum
1875 2575 1971 2608 Poe-

202 2645 293 2667 num
316 2634 362 2668 ab
387 2635 512 2668 Roma
535 2633 571 2667 in
597 2633 831 2668 Galliam...
849 2633 1120 2674 ¹perductum;
1147 2631 1268 2671 XLV,
1291 2641 1345 2673 23,
1369 2640 1405 2673 5:
1430 2641 1665 2672 quamquam
1691 2630 1857 2663 Perseus
1881 2640 1971 2662 vere

203 2690 374 2724 obiceret
392 2701 556 2723 ....nos
586 2689 777 2731 principio
806 2689 897 2723 belli
928 2688 1081 2723 misisse
1111 2688 1157 2722 ad
1186 2699 1257 2722 vos
1288 2688 1450 2729 legatos.

312 2746 493 2779 obiecto:
524 2745 571 2785 X,
605 2755 654 2786 15,
687 2755 742 2778 12:
772 2744 957 2778 nobilitas
985 2743 1184 2779 obiectare
1217 2743 1336 2777 Fabio
1367 2742 1515 2784 fugisse
1546 2752 1633 2775 eum
1663 2741 1734 2782 Ap.
1766 2738 1971 2775 Claudium

203 2801 405 2842 collegam.

313 2857 496 2890 ominor:
522 2855 671 2895 XXIX,
694 2864 748 2897 35,
776 2865 808 2889 1:
834 2866 974 2889 naves.
991 2882 998 2888 .
1015 2882 1020 2888 .
1038 2882 1044 2888 .
1061 2854 1222 2894 rediere,
1247 2853 1353 2887 velut
1377 2852 1573 2888 ominatae
1598 2851 1646 2885 ad
1668 2850 1854 2893 praedam
1877 2848 1972 2884 alte-

203 2923 286 2946 ram
312 2912 565 2954 repetendam
593 2923 678 2946 sese
702 2911 874 2951 venisse;
902 2910 1026 2951 XXX,
1053 2919 1108 2951 32,
1133 2919 1170 2951 9:
1197 2908 1439 2944 ominatur..
1457 2919 1546 2942 ..ea
1573 2906 1648 2941 illis
1675 2904 1906 2940 exeuntibus
1933 2902 1972 2936 in

1066 2990 1104 3024 35
