<?xml version="1.0" encoding="UTF-8"?>
<!DOCTYPE html PUBLIC "-//W3C//DTD XHTML 1.0 Transitional//EN"
    "http://www.w3.org/TR/xhtml1/DTD/xhtml1-transitional.dtd">
<html xmlns="http://www.w3.org/1999/xhtml" xml:lang="en" lang="en">
 <head>
  <title>
</title>
<meta http-equiv="Content-Type" content="text/html;charset=utf-8" />
  <meta name='ocr-system' content='tesseract 3.04.00' />
  <meta name='ocr-capabilities' content='ocr_page ocr_carea ocr_par ocr_line ocrx_word'/>
</head>
<body>
  <div class='ocr_page' id='page_1' title='image "./deusuaccusativic00franuoft_0053.png"; bbox 0 0 2174 3220; ppageno 0'>
   <div class='ocr_carea' id='block_1_1' title="bbox 3 2570 6 3191">
    <p class='ocr_par' dir='ltr' id='par_1_1' title="bbox 3 2570 6 3191">
     <span class='ocr_line' id='line_1_1' title="bbox 3 2570 6 3191; baseline 0 0"><span class='ocrx_word' id='word_1_1' title='bbox 3 2570 6 3191; x_wconf 95' lang='lat' dir='ltr'><strong> </strong></span> 
     </span>
    </p>
   </div>
   <div class='ocr_carea' id='block_1_2' title="bbox 576 359 1649 437">
    <p class='ocr_par' dir='ltr' id='par_1_2' title="bbox 576 359 1649 437">
     <span class='ocr_line' id='line_1_2' title="bbox 576 359 1649 437; baseline 0.004 -5"><span class='ocrx_word' id='word_1_2' title='bbox 576 359 1048 433; x_wconf 84' lang='lat' dir='ltr'><strong>Accusativus</strong></span> <span class='ocrx_word' id='word_1_3' title='bbox 1102 363 1176 432; x_wconf 92' lang='lat' dir='ltr'><strong>et</strong></span> <span class='ocrx_word' id='word_1_4' title='bbox 1229 359 1649 437; x_wconf 77' lang='lat' dir='ltr'><strong>infinitivus,</strong></span> 
     </span>
    </p>
   </div>
   <div class='ocr_carea' id='block_1_3' title="bbox 229 529 2006 642">
    <p class='ocr_par' dir='ltr' id='par_1_3' title="bbox 229 529 2006 642">
     <span class='ocr_line' id='line_1_3' title="bbox 229 529 2006 580; baseline 0.002 -13"><span class='ocrx_word' id='word_1_5' title='bbox 229 530 360 576; x_wconf 86' lang='lat' dir='ltr'>Apud</span> <span class='ocrx_word' id='word_1_6' title='bbox 386 529 568 568; x_wconf 87' lang='lat' dir='ltr'><strong>Livium</strong></span> <span class='ocrx_word' id='word_1_7' title='bbox 593 530 705 567; x_wconf 85' lang='lat' dir='ltr'><strong>haec</strong></span> <span class='ocrx_word' id='word_1_8' title='bbox 725 530 868 568; x_wconf 84' lang='lat' dir='ltr'><strong>verba</strong></span> <span class='ocrx_word' id='word_1_9' title='bbox 897 531 1086 568; x_wconf 85' lang='lat' dir='ltr'><strong>exstant</strong></span> <span class='ocrx_word' id='word_1_10' title='bbox 1113 530 1438 568; x_wconf 86' lang='lat' dir='ltr'><strong>accusativum</strong></span> <span class='ocrx_word' id='word_1_11' title='bbox 1470 533 1518 568; x_wconf 89' lang='lat' dir='ltr'><strong>et</strong></span> <span class='ocrx_word' id='word_1_12' title='bbox 1539 531 1833 569; x_wconf 79' lang='lat' dir='ltr'><strong>infinitivum</strong></span> <span class='ocrx_word' id='word_1_13' title='bbox 1863 533 2006 580; x_wconf 81' lang='lat' dir='ltr'><strong>expie-</strong></span> 
     </span>
     <span class='ocr_line' id='line_1_4' title="bbox 755 596 1507 642; baseline 0.003 -8"><span class='ocrx_word' id='word_1_14' title='bbox 755 597 909 634; x_wconf 89' lang='lat' dir='ltr'><strong>tivum</strong></span> <span class='ocrx_word' id='word_1_15' title='bbox 943 598 1126 642; x_wconf 84' lang='lat' dir='ltr'><strong>regunt,</strong></span> <span class='ocrx_word' id='word_1_16' title='bbox 1159 599 1213 634; x_wconf 88' lang='lat' dir='ltr'><strong>ut</strong></span> <span class='ocrx_word' id='word_1_17' title='bbox 1243 596 1310 633; x_wconf 83' lang='lat' dir='ltr'><strong>ita</strong></span> <span class='ocrx_word' id='word_1_18' title='bbox 1338 596 1507 638; x_wconf 86' lang='lat' dir='ltr'><strong>dicam.</strong></span> 
     </span>
    </p>
   </div>
   <div class='ocr_carea' id='block_1_4' title="bbox 238 706 2010 1197">
    <p class='ocr_par' dir='ltr' id='par_1_4' title="bbox 238 706 2010 1197">
     <span class='ocr_line' id='line_1_5' title="bbox 348 706 2008 750; baseline 0 -8"><span class='ocrx_word' id='word_1_19' title='bbox 348 718 497 750; x_wconf 79' lang='lat' dir='ltr'><strong>arguo:</strong></span> <span class='ocrx_word' id='word_1_20' title='bbox 523 707 640 747; x_wconf 83' lang='lat' dir='ltr'>VIII,</span> <span class='ocrx_word' id='word_1_21' title='bbox 669 707 720 748; x_wconf 84' lang='lat'>18,</span> <span class='ocrx_word' id='word_1_22' title='bbox 744 707 781 741; x_wconf 86' lang='lat'><strong>8:</strong></span> <span class='ocrx_word' id='word_1_23' title='bbox 807 713 849 741; x_wconf 92' lang='lat' dir='ltr'><strong>ut</strong></span> <span class='ocrx_word' id='word_1_24' title='bbox 876 719 915 741; x_wconf 90' lang='lat' dir='ltr'><strong>se</strong></span> <span class='ocrx_word' id='word_1_25' title='bbox 942 706 1085 740; x_wconf 84' lang='lat' dir='ltr'><strong>falsum</strong></span> <span class='ocrx_word' id='word_1_26' title='bbox 1110 714 1376 742; x_wconf 80' lang='lat' dir='ltr'>commentam</span> <span class='ocrx_word' id='word_1_27' title='bbox 1403 714 1629 748; x_wconf 86' lang='lat' dir='ltr'><strong>arguerent;</strong></span> <span class='ocrx_word' id='word_1_28' title='bbox 1659 707 1723 747; x_wconf 77' lang='lat' dir='ltr'>IX,</span> <span class='ocrx_word' id='word_1_29' title='bbox 1749 707 1803 749; x_wconf 81' lang='grc'><strong>46,</strong></span> <span class='ocrx_word' id='word_1_30' title='bbox 1829 718 1866 749; x_wconf 84' lang='lat'><strong>3:</strong></span> <span class='ocrx_word' id='word_1_31' title='bbox 1894 720 2008 750; x_wconf 89' lang='lat' dir='ltr'><strong>quem</strong></span> 
     </span>
     <span class='ocr_line' id='line_1_6' title="bbox 239 762 2008 806; baseline -0.001 -8"><span class='ocrx_word' id='word_1_32' title='bbox 239 764 437 806; x_wconf 84' lang='lat' dir='ltr'><strong>aliquanto</strong></span> <span class='ocrx_word' id='word_1_33' title='bbox 461 770 550 798; x_wconf 85' lang='lat' dir='ltr'><strong>ante</strong></span> <span class='ocrx_word' id='word_1_34' title='bbox 574 763 722 797; x_wconf 80' lang='lat' dir='ltr'><strong>desisse</strong></span> <span class='ocrx_word' id='word_1_35' title='bbox 748 763 936 805; x_wconf 89' lang='lat' dir='ltr'><strong>scriptum</strong></span> <span class='ocrx_word' id='word_1_36' title='bbox 961 763 1089 797; x_wconf 79' lang='lat' dir='ltr'><strong>facere</strong></span> <span class='ocrx_word' id='word_1_37' title='bbox 1113 762 1257 804; x_wconf 88' lang='lat' dir='ltr'><strong>arguit;</strong></span> <span class='ocrx_word' id='word_1_38' title='bbox 1284 763 1390 803; x_wconf 88' lang='lat' dir='ltr'>XXI,</span> <span class='ocrx_word' id='word_1_39' title='bbox 1417 773 1467 803; x_wconf 89' lang='lat'>11,</span> <span class='ocrx_word' id='word_1_40' title='bbox 1495 774 1527 798; x_wconf 82' lang='lat'><strong>1:</strong></span> <span class='ocrx_word' id='word_1_41' title='bbox 1553 763 1810 806; x_wconf 79' lang='lat' dir='ltr'><strong>infestiusque</strong></span> <span class='ocrx_word' id='word_1_42' title='bbox 1835 764 2008 798; x_wconf 88' lang='lat' dir='ltr'><strong>locutum</strong></span> 
     </span>
     <span class='ocr_line' id='line_1_7' title="bbox 238 818 2008 862; baseline 0 -8"><span class='ocrx_word' id='word_1_43' title='bbox 238 820 455 862; x_wconf 83' lang='lat' dir='ltr'><strong>arguebant</strong></span> <span class='ocrx_word' id='word_1_44' title='bbox 486 820 741 859; x_wconf 89' lang='lat' dir='ltr'><strong>Hannonem;</strong></span> <span class='ocrx_word' id='word_1_45' title='bbox 772 818 917 859; x_wconf 89' lang='lat' dir='ltr'>XXIV,</span> <span class='ocrx_word' id='word_1_46' title='bbox 945 827 1000 860; x_wconf 86' lang='lat'>25,</span> <span class='ocrx_word' id='word_1_47' title='bbox 1034 829 1066 852; x_wconf 87' lang='lat'><strong>1:</strong></span> <span class='ocrx_word' id='word_1_48' title='bbox 1097 830 1362 860; x_wconf 88' lang='lat' dir='ltr'><strong>quaecumque</strong></span> <span class='ocrx_word' id='word_1_49' title='bbox 1380 847 1385 853; x_wconf 88' lang='lat'>.</span> <span class='ocrx_word' id='word_1_50' title='bbox 1403 847 1408 853; x_wconf 96' lang='lat'>.</span> <span class='ocrx_word' id='word_1_51' title='bbox 1426 847 1431 853; x_wconf 93' lang='lat'><strong>.</strong></span> <span class='ocrx_word' id='word_1_52' title='bbox 1449 847 1454 853; x_wconf 96' lang='lat'>.</span> <span class='ocrx_word' id='word_1_53' title='bbox 1472 819 1574 853; x_wconf 82' lang='lat' dir='ltr'><strong>facta</strong></span> <span class='ocrx_word' id='word_1_54' title='bbox 1604 827 1747 859; x_wconf 85' lang='lat' dir='ltr'><strong>essent,</strong></span> <span class='ocrx_word' id='word_1_55' title='bbox 1777 820 2008 854; x_wconf 83' lang='lat' dir='ltr'><strong>Adranodo-</strong></span> 
     </span>
     <span class='ocr_line' id='line_1_8' title="bbox 238 873 2008 917; baseline -0.001 -7"><span class='ocrx_word' id='word_1_56' title='bbox 238 887 324 910; x_wconf 90' lang='lat' dir='ltr'><strong>rum</strong></span> <span class='ocrx_word' id='word_1_57' title='bbox 352 887 395 910; x_wconf 91' lang='lat' dir='ltr'><strong>ac</strong></span> <span class='ocrx_word' id='word_1_58' title='bbox 423 874 672 910; x_wconf 85' lang='lat' dir='ltr'><strong>Themistum</strong></span> <span class='ocrx_word' id='word_1_59' title='bbox 701 873 829 916; x_wconf 84' lang='lat' dir='ltr'><strong>arguit</strong></span> <span class='ocrx_word' id='word_1_60' title='bbox 857 873 1015 914; x_wconf 86' lang='lat' dir='ltr'><strong>fecisse;</strong></span> <span class='ocrx_word' id='word_1_61' title='bbox 1046 874 1170 915; x_wconf 88' lang='lat' dir='ltr'>XXX,</span> <span class='ocrx_word' id='word_1_62' title='bbox 1198 884 1253 916; x_wconf 86' lang='lat'>23,</span> <span class='ocrx_word' id='word_1_63' title='bbox 1283 883 1319 916; x_wconf 84' lang='lat'><strong>5:</strong></span> <span class='ocrx_word' id='word_1_64' title='bbox 1350 875 1628 916; x_wconf 81' lang='lat' dir='ltr'><strong>speculatores,</strong></span> <span class='ocrx_word' id='word_1_65' title='bbox 1659 887 1736 909; x_wconf 90' lang='lat' dir='ltr'><strong>non</strong></span> <span class='ocrx_word' id='word_1_66' title='bbox 1766 876 1917 917; x_wconf 87' lang='lat' dir='ltr'><strong>legatos</strong></span> <span class='ocrx_word' id='word_1_67' title='bbox 1945 886 2008 908; x_wconf 88' lang='lat' dir='ltr'><strong>ve-</strong></span> 
     </span>
     <span class='ocr_line' id='line_1_9' title="bbox 239 929 2008 973; baseline -0.001 -7"><span class='ocrx_word' id='word_1_68' title='bbox 239 932 344 966; x_wconf 86' lang='lat' dir='ltr'><strong>nisse</strong></span> <span class='ocrx_word' id='word_1_69' title='bbox 368 931 557 973; x_wconf 88' lang='lat' dir='ltr'><strong>arguebat</strong></span> <span class='ocrx_word' id='word_1_70' title='bbox 585 930 712 972; x_wconf 87' lang='lat' dir='ltr'><strong>(eos);</strong></span> <span class='ocrx_word' id='word_1_71' title='bbox 737 929 931 970; x_wconf 86' lang='lat' dir='ltr'><strong>XXXIII,</strong></span> <span class='ocrx_word' id='word_1_72' title='bbox 956 938 1012 972; x_wconf 63' lang='lat'><strong>47,</strong></span> <span class='ocrx_word' id='word_1_73' title='bbox 1036 930 1073 964; x_wconf 87' lang='lat'><strong>6:</strong></span> <span class='ocrx_word' id='word_1_74' title='bbox 1100 930 1162 972; x_wconf 83' lang='lat' dir='ltr'><strong>qui</strong></span> <span class='ocrx_word' id='word_1_75' title='bbox 1186 931 1234 964; x_wconf 90' lang='lat' dir='ltr'><strong>ad</strong></span> <span class='ocrx_word' id='word_1_76' title='bbox 1260 937 1439 964; x_wconf 87' lang='lat' dir='ltr'><strong>senatum</strong></span> <span class='ocrx_word' id='word_1_77' title='bbox 1465 942 1600 965; x_wconf 87' lang='lat' dir='ltr'><strong>eorum</strong></span> <span class='ocrx_word' id='word_1_78' title='bbox 1625 937 1833 972; x_wconf 82' lang='lat' dir='ltr'><strong>arguerent</strong></span> <span class='ocrx_word' id='word_1_79' title='bbox 1860 931 2008 965; x_wconf 86' lang='lat' dir='ltr'><strong>Hanni-</strong></span> 
     </span>
     <span class='ocr_line' id='line_1_10' title="bbox 238 985 2009 1029; baseline 0.001 -9"><span class='ocrx_word' id='word_1_80' title='bbox 238 987 366 1020; x_wconf 88' lang='lat' dir='ltr'><strong>balem</strong></span> <span class='ocrx_word' id='word_1_81' title='bbox 386 997 475 1021; x_wconf 88' lang='lat' dir='ltr'><strong>cum</strong></span> <span class='ocrx_word' id='word_1_82' title='bbox 497 985 696 1021; x_wconf 89' lang='lat' dir='ltr'><strong>Antiocho</strong></span> <span class='ocrx_word' id='word_1_83' title='bbox 717 997 809 1028; x_wconf 88' lang='lat' dir='ltr'><strong>rege</strong></span> <span class='ocrx_word' id='word_1_84' title='bbox 832 985 995 1020; x_wconf 88' lang='lat' dir='ltr'><strong>consilia</strong></span> <span class='ocrx_word' id='word_1_85' title='bbox 1017 986 1107 1020; x_wconf 90' lang='lat' dir='ltr'><strong>belli</strong></span> <span class='ocrx_word' id='word_1_86' title='bbox 1131 985 1298 1020; x_wconf 85' lang='lat' dir='ltr'><strong>faciendi</strong></span> <span class='ocrx_word' id='word_1_87' title='bbox 1320 985 1434 1027; x_wconf 86' lang='lat' dir='ltr'><strong>inire;</strong></span> <span class='ocrx_word' id='word_1_88' title='bbox 1458 986 1646 1026; x_wconf 84' lang='lat' dir='ltr'>XXXIV,</span> <span class='ocrx_word' id='word_1_89' title='bbox 1668 996 1722 1027; x_wconf 84' lang='lat'>32,</span> <span class='ocrx_word' id='word_1_90' title='bbox 1749 997 1804 1028; x_wconf 73' lang='lat'><strong>14:</strong></span> <span class='ocrx_word' id='word_1_91' title='bbox 1829 987 2009 1029; x_wconf 85' lang='lat' dir='ltr'><strong>quotiens</strong></span> 
     </span>
     <span class='ocr_line' id='line_1_11' title="bbox 238 1041 2010 1084; baseline -0.001 -7"><span class='ocrx_word' id='word_1_92' title='bbox 238 1042 296 1077; x_wconf 91' lang='lat' dir='ltr'><strong>vis</strong></span> <span class='ocrx_word' id='word_1_93' title='bbox 318 1049 355 1077; x_wconf 89' lang='lat' dir='ltr'><strong>te</strong></span> <span class='ocrx_word' id='word_1_94' title='bbox 376 1042 413 1077; x_wconf 90' lang='lat' dir='ltr'><strong>id</strong></span> <span class='ocrx_word' id='word_1_95' title='bbox 434 1054 596 1084; x_wconf 83' lang='lat' dir='ltr'><strong>arguam</strong></span> <span class='ocrx_word' id='word_1_96' title='bbox 617 1041 784 1077; x_wconf 80' lang='lat' dir='ltr'><strong>fecisse?</strong></span> <span class='ocrx_word' id='word_1_97' title='bbox 803 1041 990 1082; x_wconf 88' lang='lat' dir='ltr'>XXXIV,</span> <span class='ocrx_word' id='word_1_98' title='bbox 1011 1041 1065 1081; x_wconf 87' lang='lat'><strong>61,</strong></span> <span class='ocrx_word' id='word_1_99' title='bbox 1089 1052 1145 1076; x_wconf 86' lang='lat'><strong>11:</strong></span> <span class='ocrx_word' id='word_1_100' title='bbox 1167 1053 1255 1076; x_wconf 90' lang='lat' dir='ltr'><strong>cum</strong></span> <span class='ocrx_word' id='word_1_101' title='bbox 1279 1041 1466 1076; x_wconf 81' lang='lat' dir='ltr'><strong>Barcinae</strong></span> <span class='ocrx_word' id='word_1_102' title='bbox 1491 1042 1617 1076; x_wconf 91' lang='lat' dir='ltr'><strong>solum</strong></span> <span class='ocrx_word' id='word_1_103' title='bbox 1640 1042 1822 1077; x_wconf 83' lang='lat' dir='ltr'><strong>factionis</strong></span> <span class='ocrx_word' id='word_1_104' title='bbox 1843 1042 2010 1077; x_wconf 88' lang='lat' dir='ltr'><strong>homini-</strong></span> 
     </span>
     <span class='ocr_line' id='line_1_12' title="bbox 240 1091 2008 1140; baseline 0.001 -8"><span class='ocrx_word' id='word_1_105' title='bbox 240 1098 312 1132; x_wconf 86' lang='lat' dir='ltr'><strong>bus</strong></span> <span class='ocrx_word' id='word_1_106' title='bbox 354 1098 593 1132; x_wconf 91' lang='lat' dir='ltr'><strong>collocutum</strong></span> <span class='ocrx_word' id='word_1_107' title='bbox 636 1109 724 1132; x_wconf 88' lang='lat' dir='ltr'><strong>eum</strong></span> <span class='ocrx_word' id='word_1_108' title='bbox 764 1098 998 1139; x_wconf 88' lang='lat' dir='ltr'><strong>arguebant;</strong></span> <span class='ocrx_word' id='word_1_109' title='bbox 1042 1097 1233 1137; x_wconf 87' lang='lat' dir='ltr'>XXXIV,</span> <span class='ocrx_word' id='word_1_110' title='bbox 1276 1097 1330 1138; x_wconf 82' lang='lat'><strong>62,</strong></span> <span class='ocrx_word' id='word_1_111' title='bbox 1376 1108 1432 1132; x_wconf 82' lang='lat'><strong>11:</strong></span> <span class='ocrx_word' id='word_1_112' title='bbox 1475 1091 1630 1132; x_wconf 78' lang='lat' dir='ltr'><strong>mentiri</strong></span> <span class='ocrx_word' id='word_1_113' title='bbox 1674 1110 1741 1132; x_wconf 87' lang='lat' dir='ltr'><strong>eos</strong></span> <span class='ocrx_word' id='word_1_114' title='bbox 1783 1099 2008 1140; x_wconf 81' lang='lat' dir='ltr'><strong>arguebant.</strong></span> 
     </span>
     <span class='ocr_line' id='line_1_13' title="bbox 240 1152 2008 1197; baseline 0.001 -10"><span class='ocrx_word' id='word_1_115' title='bbox 240 1152 449 1194; x_wconf 93' lang='lat' dir='ltr'>XXXVII,</span> <span class='ocrx_word' id='word_1_116' title='bbox 470 1153 523 1194; x_wconf 87' lang='lat'>28,</span> <span class='ocrx_word' id='word_1_117' title='bbox 545 1164 581 1188; x_wconf 89' lang='lat'><strong>2:</strong></span> <span class='ocrx_word' id='word_1_118' title='bbox 604 1153 747 1188; x_wconf 77' lang='lat' dir='ltr'><strong>iuvisse</strong></span> <span class='ocrx_word' id='word_1_119' title='bbox 769 1165 836 1188; x_wconf 90' lang='lat' dir='ltr'><strong>eos</strong></span> <span class='ocrx_word' id='word_1_120' title='bbox 860 1160 1081 1188; x_wconf 85' lang='lat' dir='ltr'><strong>commeatu</strong></span> <span class='ocrx_word' id='word_1_121' title='bbox 1102 1154 1270 1188; x_wconf 88' lang='lat' dir='ltr'><strong>classem</strong></span> <span class='ocrx_word' id='word_1_122' title='bbox 1291 1153 1464 1188; x_wconf 87' lang='lat' dir='ltr'><strong>hostium</strong></span> <span class='ocrx_word' id='word_1_123' title='bbox 1485 1154 1629 1195; x_wconf 87' lang='lat' dir='ltr'><strong>arguit;</strong></span> <span class='ocrx_word' id='word_1_124' title='bbox 1653 1154 1885 1195; x_wconf 89' lang='lat' dir='ltr'>XXXVIII,</span> <span class='ocrx_word' id='word_1_125' title='bbox 1906 1163 1950 1197; x_wconf 86' lang='lat'><strong>52</strong></span> <span class='ocrx_word' id='word_1_126' title='bbox 1971 1166 2008 1197; x_wconf 83' lang='lat'><strong>4:</strong></span> 
     </span>
    </p>
   </div>
   <div class='ocr_carea' id='block_1_5' title="bbox 239 1209 2010 1419">
    <p class='ocr_par' dir='ltr' id='par_1_5' title="bbox 239 1209 2009 1307">
     <span class='ocr_line' id='line_1_14' title="bbox 239 1209 2009 1252; baseline 0.001 -10"><span class='ocrx_word' id='word_1_127' title='bbox 239 1219 327 1243; x_wconf 90' lang='lat' dir='ltr'><strong>cum</strong></span> <span class='ocrx_word' id='word_1_128' title='bbox 343 1236 348 1242; x_wconf 96' lang='lat'>.</span> <span class='ocrx_word' id='word_1_129' title='bbox 366 1237 372 1243; x_wconf 87' lang='lat'>.</span> <span class='ocrx_word' id='word_1_130' title='bbox 389 1237 395 1243; x_wconf 93' lang='lat'>.</span> <span class='ocrx_word' id='word_1_131' title='bbox 412 1237 418 1243; x_wconf 93' lang='lat'><strong><em>.</em></strong></span> <span class='ocrx_word' id='word_1_132' title='bbox 436 1209 482 1243; x_wconf 90' lang='lat' dir='ltr'><strong>ab</strong></span> <span class='ocrx_word' id='word_1_133' title='bbox 504 1210 640 1243; x_wconf 88' lang='lat' dir='ltr'><strong>eadem</strong></span> <span class='ocrx_word' id='word_1_134' title='bbox 663 1209 843 1251; x_wconf 87' lang='lat' dir='ltr'><strong>superbia</strong></span> <span class='ocrx_word' id='word_1_135' title='bbox 866 1221 944 1244; x_wconf 90' lang='lat' dir='ltr'><strong>non</strong></span> <span class='ocrx_word' id='word_1_136' title='bbox 965 1209 1097 1243; x_wconf 88' lang='lat' dir='ltr'><strong>venire</strong></span> <span class='ocrx_word' id='word_1_137' title='bbox 1120 1209 1168 1244; x_wconf 87' lang='lat' dir='ltr'><strong>ad</strong></span> <span class='ocrx_word' id='word_1_138' title='bbox 1188 1221 1348 1244; x_wconf 86' lang='lat' dir='ltr'><strong>causam</strong></span> <span class='ocrx_word' id='word_1_139' title='bbox 1372 1210 1577 1244; x_wconf 85' lang='lat' dir='ltr'><strong>dicendam</strong></span> <span class='ocrx_word' id='word_1_140' title='bbox 1599 1216 1824 1252; x_wconf 80' lang='lat' dir='ltr'><strong>arguerent;</strong></span> <span class='ocrx_word' id='word_1_141' title='bbox 1850 1210 1933 1251; x_wconf 92' lang='lat' dir='ltr'>XL,</span> <span class='ocrx_word' id='word_1_142' title='bbox 1959 1221 2009 1251; x_wconf 83' lang='lat'>12,</span> 
     </span>
     <span class='ocr_line' id='line_1_15' title="bbox 242 1264 1344 1307; baseline 0.001 -9"><span class='ocrx_word' id='word_1_143' title='bbox 242 1274 298 1306; x_wconf 89' lang='lat'><strong>17:</strong></span> <span class='ocrx_word' id='word_1_144' title='bbox 323 1264 432 1299; x_wconf 89' lang='lat' dir='ltr'><strong>cuius</strong></span> <span class='ocrx_word' id='word_1_145' title='bbox 454 1264 598 1299; x_wconf 88' lang='lat' dir='ltr'><strong>virtute</strong></span> <span class='ocrx_word' id='word_1_146' title='bbox 624 1272 660 1299; x_wconf 88' lang='lat' dir='ltr'><strong>et</strong></span> <span class='ocrx_word' id='word_1_147' title='bbox 683 1264 860 1300; x_wconf 88' lang='lat' dir='ltr'><strong>consiliis</strong></span> <span class='ocrx_word' id='word_1_148' title='bbox 884 1277 944 1300; x_wconf 92' lang='lat' dir='ltr'><strong>me</strong></span> <span class='ocrx_word' id='word_1_149' title='bbox 970 1277 1070 1300; x_wconf 91' lang='lat' dir='ltr'><strong>nunc</strong></span> <span class='ocrx_word' id='word_1_150' title='bbox 1095 1265 1226 1307; x_wconf 86' lang='lat' dir='ltr'><strong>arguis</strong></span> <span class='ocrx_word' id='word_1_151' title='bbox 1251 1265 1344 1307; x_wconf 89' lang='lat' dir='ltr'><strong>regi.</strong></span> 
     </span>
    </p>

    <p class='ocr_par' dir='ltr' id='par_1_6' title="bbox 239 1321 2010 1419">
     <span class='ocr_line' id='line_1_16' title="bbox 350 1321 2010 1364; baseline 0 -8"><span class='ocrx_word' id='word_1_152' title='bbox 350 1321 610 1356; x_wconf 81' lang='lat' dir='ltr'><strong>adsuefacio:</strong></span> <span class='ocrx_word' id='word_1_153' title='bbox 648 1322 723 1361; x_wconf 90' lang='lat' dir='ltr'>III,</span> <span class='ocrx_word' id='word_1_154' title='bbox 758 1321 812 1361; x_wconf 87' lang='lat'>61,</span> <span class='ocrx_word' id='word_1_155' title='bbox 852 1331 907 1355; x_wconf 86' lang='lat'><strong>12:</strong></span> <span class='ocrx_word' id='word_1_156' title='bbox 944 1321 1020 1355; x_wconf 89' lang='lat' dir='ltr'><strong>iam</strong></span> <span class='ocrx_word' id='word_1_157' title='bbox 1058 1321 1249 1355; x_wconf 86' lang='lat' dir='ltr'><strong>Horatius</strong></span> <span class='ocrx_word' id='word_1_158' title='bbox 1288 1333 1377 1356; x_wconf 86' lang='lat' dir='ltr'><strong>eos.</strong></span> <span class='ocrx_word' id='word_1_159' title='bbox 1395 1349 1401 1355; x_wconf 71' lang='grc'><strong>.</strong></span> <span class='ocrx_word' id='word_1_160' title='bbox 1419 1349 1424 1355; x_wconf 89' lang='grc'><em>.</em></span> <span class='ocrx_word' id='word_1_161' title='bbox 1442 1321 1734 1356; x_wconf 78' lang='lat' dir='ltr'><strong>‚adsuefecerat</strong></span> <span class='ocrx_word' id='word_1_162' title='bbox 1772 1322 1843 1356; x_wconf 87' lang='lat' dir='ltr'><strong>sibi</strong></span> <span class='ocrx_word' id='word_1_163' title='bbox 1881 1323 2010 1364; x_wconf 87' lang='lat' dir='ltr'><strong>potius</strong></span> 
     </span>
     <span class='ocr_line' id='line_1_17' title="bbox 239 1376 2010 1419; baseline -0.001 -7"><span class='ocrx_word' id='word_1_164' title='bbox 239 1376 358 1412; x_wconf 88' lang='lat' dir='ltr'><strong>fidere</strong></span> <span class='ocrx_word' id='word_1_165' title='bbox 388 1388 503 1419; x_wconf 90' lang='lat' dir='ltr'><strong>quam</strong></span> <span class='ocrx_word' id='word_1_166' title='bbox 533 1377 759 1411; x_wconf 89' lang='lat' dir='ltr'><strong>meminisse</strong></span> <span class='ocrx_word' id='word_1_167' title='bbox 790 1376 1046 1418; x_wconf 87' lang='lat' dir='ltr'><strong>ignominiae;</strong></span> <span class='ocrx_word' id='word_1_168' title='bbox 1079 1377 1210 1418; x_wconf 90' lang='lat' dir='ltr'>XXII,</span> <span class='ocrx_word' id='word_1_169' title='bbox 1245 1387 1296 1417; x_wconf 91' lang='lat'>12,</span> <span class='ocrx_word' id='word_1_170' title='bbox 1330 1387 1386 1411; x_wconf 87' lang='lat'><strong>10:</strong></span> <span class='ocrx_word' id='word_1_171' title='bbox 1419 1377 2010 1411; x_wconf 80' lang='lat' dir='ltr'><strong>adsuefaciebant....militem</strong></span> 
     </span>
    </p>
   </div>
   <div class='ocr_carea' id='block_1_6' title="bbox 239 1432 2011 2922">
    <p class='ocr_par' dir='ltr' id='par_1_7' title="bbox 239 1432 1589 1475">
     <span class='ocr_line' id='line_1_18' title="bbox 239 1432 1589 1475; baseline -0.001 -7"><span class='ocrx_word' id='word_1_172' title='bbox 239 1433 367 1468; x_wconf 91' lang='lat' dir='ltr'><strong>minus</strong></span> <span class='ocrx_word' id='word_1_173' title='bbox 394 1433 470 1468; x_wconf 89' lang='lat' dir='ltr'><strong>iam</strong></span> <span class='ocrx_word' id='word_1_174' title='bbox 497 1433 656 1468; x_wconf 87' lang='lat' dir='ltr'><strong>tandem</strong></span> <span class='ocrx_word' id='word_1_175' title='bbox 683 1439 747 1468; x_wconf 82' lang='lat' dir='ltr'><strong>aut</strong></span> <span class='ocrx_word' id='word_1_176' title='bbox 773 1432 929 1467; x_wconf 88' lang='lat' dir='ltr'><strong>virtutis</strong></span> <span class='ocrx_word' id='word_1_177' title='bbox 958 1439 1022 1467; x_wconf 85' lang='lat' dir='ltr'><strong>aut</strong></span> <span class='ocrx_word' id='word_1_178' title='bbox 1051 1432 1233 1467; x_wconf 79' lang='lat' dir='ltr'><strong>fortunae</strong></span> <span class='ocrx_word' id='word_1_179' title='bbox 1261 1432 1459 1475; x_wconf 87' lang='lat' dir='ltr'><strong>paenitere</strong></span> <span class='ocrx_word' id='word_1_180' title='bbox 1488 1444 1589 1467; x_wconf 85' lang='lat' dir='ltr'><strong>suae.</strong></span> 
     </span>
    </p>

    <p class='ocr_par' dir='ltr' id='par_1_8' title="bbox 239 1488 2010 1634">
     <span class='ocr_line' id='line_1_19' title="bbox 349 1488 2010 1531; baseline 0 -9"><span class='ocrx_word' id='word_1_181' title='bbox 349 1498 469 1530; x_wconf 84' lang='lat' dir='ltr'><strong>cogo:</strong></span> <span class='ocrx_word' id='word_1_182' title='bbox 491 1500 567 1523; x_wconf 91' lang='lat' dir='ltr'><strong>acc.</strong></span> <span class='ocrx_word' id='word_1_183' title='bbox 591 1495 627 1523; x_wconf 90' lang='lat' dir='ltr'><strong>et</strong></span> <span class='ocrx_word' id='word_1_184' title='bbox 648 1488 714 1522; x_wconf 80' lang='lat' dir='ltr'><strong>inf.</strong></span> <span class='ocrx_word' id='word_1_185' title='bbox 736 1488 964 1530; x_wconf 84' lang='lat' dir='ltr'><strong>plerumque</strong></span> <span class='ocrx_word' id='word_1_186' title='bbox 987 1488 1087 1530; x_wconf 88' lang='lat' dir='ltr'><strong>regit</strong></span> <span class='ocrx_word' id='word_1_187' title='bbox 1108 1489 1181 1523; x_wconf 87' lang='lat' dir='ltr'><strong>hoc</strong></span> <span class='ocrx_word' id='word_1_188' title='bbox 1203 1489 1377 1528; x_wconf 68' lang='lat' dir='ltr'><strong>verbum,</strong></span> <span class='ocrx_word' id='word_1_189' title='bbox 1399 1489 1507 1523; x_wconf 87' lang='lat' dir='ltr'><strong>cuius</strong></span> <span class='ocrx_word' id='word_1_190' title='bbox 1530 1488 1739 1523; x_wconf 90' lang='lat' dir='ltr'><strong>locutionis</strong></span> <span class='ocrx_word' id='word_1_191' title='bbox 1764 1488 2010 1531; x_wconf 85' lang='lat' dir='ltr'><strong>septuaginta</strong></span> 
     </span>
     <span class='ocr_line' id='line_1_20' title="bbox 239 1542 2009 1587; baseline 0.001 -10"><span class='ocrx_word' id='word_1_192' title='bbox 239 1542 490 1578; x_wconf 89' lang='lat' dir='ltr'><strong>inveniuntur</strong></span> <span class='ocrx_word' id='word_1_193' title='bbox 514 1544 703 1587; x_wconf 86' lang='lat' dir='ltr'><strong>exempla.</strong></span> <span class='ocrx_word' id='word_1_194' title='bbox 752 1544 914 1587; x_wconf 87' lang='lat' dir='ltr'><strong>Aliquot</strong></span> <span class='ocrx_word' id='word_1_195' title='bbox 939 1544 1036 1579; x_wconf 91' lang='lat' dir='ltr'><strong>locis</strong></span> <span class='ocrx_word' id='word_1_196' title='bbox 1062 1545 1187 1579; x_wconf 89' lang='lat' dir='ltr'><strong>nudus</strong></span> <span class='ocrx_word' id='word_1_197' title='bbox 1213 1551 1341 1579; x_wconf 84' lang='lat' dir='ltr'><strong>exstat</strong></span> <span class='ocrx_word' id='word_1_198' title='bbox 1368 1544 1433 1578; x_wconf 86' lang='lat' dir='ltr'><strong>inf.</strong></span> <span class='ocrx_word' id='word_1_199' title='bbox 1459 1544 1559 1579; x_wconf 90' lang='lat' dir='ltr'><strong>Vide</strong></span> <span class='ocrx_word' id='word_1_200' title='bbox 1586 1544 1703 1579; x_wconf 88' lang='lat' dir='ltr'><strong>etiam</strong></span> <span class='ocrx_word' id='word_1_201' title='bbox 1729 1556 1806 1579; x_wconf 84' lang='lat' dir='ltr'><strong>acc.</strong></span> <span class='ocrx_word' id='word_1_202' title='bbox 1833 1556 1919 1580; x_wconf 87' lang='lat' dir='ltr'><strong>cum</strong></span> <span class='ocrx_word' id='word_1_203' title='bbox 1944 1544 2009 1578; x_wconf 86' lang='lat' dir='ltr'><strong>inf.</strong></span> 
     </span>
     <span class='ocr_line' id='line_1_21' title="bbox 239 1599 338 1634; baseline -0.01 0"><span class='ocrx_word' id='word_1_204' title='bbox 239 1599 338 1634; x_wconf 68' lang='lat' dir='ltr'><strong>coni</strong></span> 
     </span>
    </p>

    <p class='ocr_par' dir='ltr' id='par_1_9' title="bbox 351 1655 1639 1698">
     <span class='ocr_line' id='line_1_22' title="bbox 351 1655 1639 1698; baseline 0 -8"><span class='ocrx_word' id='word_1_205' title='bbox 351 1655 496 1690; x_wconf 86' lang='lat' dir='ltr'><strong>doceo:</strong></span> <span class='ocrx_word' id='word_1_206' title='bbox 524 1656 553 1696; x_wconf 90' lang='grc' dir='ltr'><strong>Ι,</strong></span> <span class='ocrx_word' id='word_1_207' title='bbox 578 1655 632 1695; x_wconf 84' lang='grc'><strong>28,</strong></span> <span class='ocrx_word' id='word_1_208' title='bbox 658 1665 696 1697; x_wconf 87' lang='lat'><strong>9:</strong></span> <span class='ocrx_word' id='word_1_209' title='bbox 724 1656 821 1690; x_wconf 89' lang='lat' dir='ltr'><strong>doce</strong></span> <span class='ocrx_word' id='word_1_210' title='bbox 848 1656 1061 1690; x_wconf 88' lang='lat' dir='ltr'><strong>humanum</strong></span> <span class='ocrx_word' id='word_1_211' title='bbox 1088 1667 1211 1698; x_wconf 88' lang='lat' dir='ltr'><strong>genus</strong></span> <span class='ocrx_word' id='word_1_212' title='bbox 1240 1667 1282 1690; x_wconf 87' lang='lat' dir='ltr'><strong>ea</strong></span> <span class='ocrx_word' id='word_1_213' title='bbox 1311 1662 1444 1690; x_wconf 89' lang='lat' dir='ltr'><strong>sancta</strong></span> <span class='ocrx_word' id='word_1_214' title='bbox 1470 1656 1639 1690; x_wconf 88' lang='lat' dir='ltr'><strong>credere.</strong></span> 
     </span>
    </p>

    <p class='ocr_par' dir='ltr' id='par_1_10' title="bbox 240 1711 2011 1857">
     <span class='ocr_line' id='line_1_23' title="bbox 350 1711 2009 1754; baseline 0.001 -9"><span class='ocrx_word' id='word_1_215' title='bbox 350 1711 572 1746; x_wconf 84' lang='lat' dir='ltr'><strong>criminor:</strong></span> <span class='ocrx_word' id='word_1_216' title='bbox 610 1712 683 1752; x_wconf 93' lang='lat' dir='ltr'>III,</span> <span class='ocrx_word' id='word_1_217' title='bbox 720 1711 774 1754; x_wconf 87' lang='lat'>56,</span> <span class='ocrx_word' id='word_1_218' title='bbox 812 1722 869 1746; x_wconf 90' lang='lat'><strong>12:</strong></span> <span class='ocrx_word' id='word_1_219' title='bbox 906 1712 944 1746; x_wconf 89' lang='lat' dir='ltr'><strong>in</strong></span> <span class='ocrx_word' id='word_1_220' title='bbox 980 1712 1083 1753; x_wconf 85' lang='lat' dir='ltr'><strong>quod</strong></span> <span class='ocrx_word' id='word_1_221' title='bbox 1119 1711 1368 1754; x_wconf 84' lang='lat' dir='ltr'><strong>conspirasse</strong></span> <span class='ocrx_word' id='word_1_222' title='bbox 1405 1712 1650 1747; x_wconf 88' lang='lat' dir='ltr'><strong>decemviros</strong></span> <span class='ocrx_word' id='word_1_223' title='bbox 1687 1712 1880 1746; x_wconf 86' lang='lat' dir='ltr'><strong>criminati</strong></span> <span class='ocrx_word' id='word_1_224' title='bbox 1917 1712 2009 1752; x_wconf 89' lang='lat' dir='ltr'><strong>sint;</strong></span> 
     </span>
     <span class='ocr_line' id='line_1_24' title="bbox 240 1766 2011 1810; baseline 0 -10"><span class='ocrx_word' id='word_1_225' title='bbox 240 1766 426 1808; x_wconf 92' lang='lat' dir='ltr'>XXXIX,</span> <span class='ocrx_word' id='word_1_226' title='bbox 451 1777 508 1810; x_wconf 84' lang='lat'>41,</span> <span class='ocrx_word' id='word_1_227' title='bbox 533 1777 572 1809; x_wconf 82' lang='lat'><strong>3:</strong></span> <span class='ocrx_word' id='word_1_228' title='bbox 600 1766 790 1809; x_wconf 84' lang='lat' dir='ltr'><strong>refragari</strong></span> <span class='ocrx_word' id='word_1_229' title='bbox 821 1767 892 1801; x_wconf 92' lang='lat' dir='ltr'><strong>sibi</strong></span> <span class='ocrx_word' id='word_1_230' title='bbox 920 1767 983 1809; x_wconf 88' lang='lat' dir='ltr'><strong>qui</strong></span> <span class='ocrx_word' id='word_1_231' title='bbox 1011 1767 1173 1802; x_wconf 86' lang='lat' dir='ltr'><strong>liberam</strong></span> <span class='ocrx_word' id='word_1_232' title='bbox 1201 1774 1238 1802; x_wconf 88' lang='lat' dir='ltr'><strong>et</strong></span> <span class='ocrx_word' id='word_1_233' title='bbox 1267 1767 1412 1802; x_wconf 88' lang='lat' dir='ltr'><strong>fortem</strong></span> <span class='ocrx_word' id='word_1_234' title='bbox 1440 1779 1645 1802; x_wconf 89' lang='lat' dir='ltr'><strong>censuram</strong></span> <span class='ocrx_word' id='word_1_235' title='bbox 1673 1768 1855 1802; x_wconf 87' lang='lat' dir='ltr'><strong>timerent</strong></span> <span class='ocrx_word' id='word_1_236' title='bbox 1885 1767 2011 1803; x_wconf 89' lang='lat' dir='ltr'><strong>crimi-</strong></span> 
     </span>
     <span class='ocr_line' id='line_1_25' title="bbox 241 1823 382 1857; baseline 0.007 -1"><span class='ocrx_word' id='word_1_237' title='bbox 241 1823 382 1857; x_wconf 90' lang='lat' dir='ltr'><strong>nando.</strong></span> 
     </span>
    </p>

    <p class='ocr_par' dir='ltr' id='par_1_11' title="bbox 240 1878 2011 1977">
     <span class='ocr_line' id='line_1_26' title="bbox 351 1878 2011 1922; baseline 0.001 -10"><span class='ocrx_word' id='word_1_238' title='bbox 351 1879 541 1921; x_wconf 86' lang='lat' dir='ltr'><strong>impello:</strong></span> <span class='ocrx_word' id='word_1_239' title='bbox 567 1878 699 1919; x_wconf 90' lang='lat' dir='ltr'>XXII,</span> <span class='ocrx_word' id='word_1_240' title='bbox 723 1879 754 1920; x_wconf 93' lang='lat'>6,</span> <span class='ocrx_word' id='word_1_241' title='bbox 777 1879 814 1913; x_wconf 89' lang='lat'><strong>6:</strong></span> <span class='ocrx_word' id='word_1_242' title='bbox 839 1879 947 1914; x_wconf 89' lang='lat' dir='ltr'><strong>fuere</strong></span> <span class='ocrx_word' id='word_1_243' title='bbox 972 1890 1069 1921; x_wconf 86' lang='lat' dir='ltr'><strong>quos</strong></span> <span class='ocrx_word' id='word_1_244' title='bbox 1093 1880 1339 1914; x_wconf 89' lang='lat' dir='ltr'><strong>inconsultus</strong></span> <span class='ocrx_word' id='word_1_245' title='bbox 1365 1891 1486 1921; x_wconf 72' lang='lat' dir='ltr'><strong>pavor</strong></span> <span class='ocrx_word' id='word_1_246' title='bbox 1512 1880 1640 1914; x_wconf 89' lang='lat' dir='ltr'><strong>nando</strong></span> <span class='ocrx_word' id='word_1_247' title='bbox 1667 1879 1783 1914; x_wconf 88' lang='lat' dir='ltr'><strong>etiam</strong></span> <span class='ocrx_word' id='word_1_248' title='bbox 1808 1890 2011 1922; x_wconf 82' lang='lat' dir='ltr'><strong>capessere</strong></span> 
     </span>
     <span class='ocr_line' id='line_1_27' title="bbox 240 1933 611 1977; baseline 0.003 -9"><span class='ocrx_word' id='word_1_249' title='bbox 240 1933 375 1977; x_wconf 86' lang='lat' dir='ltr'><strong>fugam</strong></span> <span class='ocrx_word' id='word_1_250' title='bbox 403 1934 611 1977; x_wconf 88' lang='lat' dir='ltr'><strong>impulerit.</strong></span> 
     </span>
    </p>

    <p class='ocr_par' dir='ltr' id='par_1_12' title="bbox 241 1990 2011 2082">
     <span class='ocr_line' id='line_1_28' title="bbox 352 1990 2011 2033; baseline 0 -9"><span class='ocrx_word' id='word_1_251' title='bbox 352 1991 491 2025; x_wconf 87' lang='lat' dir='ltr'><strong>iubeo:</strong></span> <span class='ocrx_word' id='word_1_252' title='bbox 515 1991 742 2033; x_wconf 82' lang='lat' dir='ltr'><strong>plerumque</strong></span> <span class='ocrx_word' id='word_1_253' title='bbox 767 2002 843 2026; x_wconf 86' lang='lat' dir='ltr'><strong>acc.</strong></span> <span class='ocrx_word' id='word_1_254' title='bbox 869 1998 905 2026; x_wconf 87' lang='lat' dir='ltr'><strong>et</strong></span> <span class='ocrx_word' id='word_1_255' title='bbox 929 1990 995 2025; x_wconf 79' lang='lat' dir='ltr'><strong>inf,</strong></span> <span class='ocrx_word' id='word_1_256' title='bbox 1019 1991 1120 2033; x_wconf 88' lang='lat' dir='ltr'><strong>regit</strong></span> <span class='ocrx_word' id='word_1_257' title='bbox 1143 1991 1218 2026; x_wconf 88' lang='lat' dir='ltr'><strong>hoc</strong></span> <span class='ocrx_word' id='word_1_258' title='bbox 1241 1991 1415 2031; x_wconf 83' lang='lat' dir='ltr'><strong>verbum,</strong></span> <span class='ocrx_word' id='word_1_259' title='bbox 1438 1991 1701 2032; x_wconf 83' lang='lat' dir='ltr'><strong>alioquotiens</strong></span> <span class='ocrx_word' id='word_1_260' title='bbox 1726 1991 1843 2026; x_wconf 87' lang='lat' dir='ltr'><strong>etiam</strong></span> <span class='ocrx_word' id='word_1_261' title='bbox 1866 1991 2011 2025; x_wconf 90' lang='lat' dir='ltr'><strong>nudum</strong></span> 
     </span>
     <span class='ocr_line' id='line_1_29' title="bbox 241 2046 1483 2082; baseline 0 -2"><span class='ocrx_word' id='word_1_262' title='bbox 241 2046 306 2080; x_wconf 85' lang='lat' dir='ltr'><strong>inf.</strong></span> <span class='ocrx_word' id='word_1_263' title='bbox 334 2046 545 2081; x_wconf 89' lang='lat' dir='ltr'><strong>Permultis</strong></span> <span class='ocrx_word' id='word_1_264' title='bbox 569 2052 699 2081; x_wconf 87' lang='lat' dir='ltr'><strong>autem</strong></span> <span class='ocrx_word' id='word_1_265' title='bbox 724 2046 820 2081; x_wconf 90' lang='lat' dir='ltr'><strong>locis</strong></span> <span class='ocrx_word' id='word_1_266' title='bbox 846 2058 922 2081; x_wconf 90' lang='lat' dir='ltr'><strong>acc.</strong></span> <span class='ocrx_word' id='word_1_267' title='bbox 947 2058 1036 2081; x_wconf 92' lang='lat' dir='ltr'><strong>cum</strong></span> <span class='ocrx_word' id='word_1_268' title='bbox 1060 2046 1126 2081; x_wconf 88' lang='lat' dir='ltr'><strong>inf.</strong></span> <span class='ocrx_word' id='word_1_269' title='bbox 1150 2046 1251 2082; x_wconf 91' lang='lat' dir='ltr'><strong>coni.</strong></span> <span class='ocrx_word' id='word_1_270' title='bbox 1277 2046 1483 2081; x_wconf 87' lang='lat' dir='ltr'><strong>invenitur.</strong></span> 
     </span>
    </p>

    <p class='ocr_par' dir='ltr' id='par_1_13' title="bbox 241 2101 2011 2248">
     <span class='ocr_line' id='line_1_30' title="bbox 352 2101 2011 2144; baseline -0.001 -7"><span class='ocrx_word' id='word_1_271' title='bbox 352 2101 584 2137; x_wconf 87' lang='lat' dir='ltr'><strong>Locutionis</strong></span> <span class='ocrx_word' id='word_1_272' title='bbox 608 2113 723 2144; x_wconf 85' lang='lat' dir='ltr'><strong>quarn</strong></span> <span class='ocrx_word' id='word_1_273' title='bbox 747 2114 823 2136; x_wconf 87' lang='lat' dir='ltr'><strong>acc.</strong></span> <span class='ocrx_word' id='word_1_274' title='bbox 849 2108 886 2136; x_wconf 90' lang='lat' dir='ltr'><strong>et</strong></span> <span class='ocrx_word' id='word_1_275' title='bbox 910 2102 975 2136; x_wconf 84' lang='lat' dir='ltr'><strong>inf.</strong></span> <span class='ocrx_word' id='word_1_276' title='bbox 1000 2102 1137 2137; x_wconf 89' lang='lat' dir='ltr'><strong>vocavi</strong></span> <span class='ocrx_word' id='word_1_277' title='bbox 1163 2103 1341 2144; x_wconf 84' lang='lat' dir='ltr'><strong>exempla</strong></span> <span class='ocrx_word' id='word_1_278' title='bbox 1367 2109 1523 2137; x_wconf 85' lang='lat' dir='ltr'><strong>exstant</strong></span> <span class='ocrx_word' id='word_1_279' title='bbox 1547 2103 1632 2144; x_wconf 81' lang='lat' dir='ltr'><strong>plus</strong></span> <span class='ocrx_word' id='word_1_280' title='bbox 1658 2103 1824 2137; x_wconf 86' lang='lat' dir='ltr'><strong>ducenta</strong></span> <span class='ocrx_word' id='word_1_281' title='bbox 1850 2103 2011 2144; x_wconf 82' lang='lat' dir='ltr'><strong>quadra-</strong></span> 
     </span>
     <span class='ocr_line' id='line_1_31' title="bbox 241 2157 2011 2200; baseline -0.001 -8"><span class='ocrx_word' id='word_1_282' title='bbox 241 2158 360 2200; x_wconf 86' lang='lat' dir='ltr'><strong>ginta.</strong></span> <span class='ocrx_word' id='word_1_283' title='bbox 408 2157 510 2192; x_wconf 88' lang='lat' dir='ltr'><strong>Nudi</strong></span> <span class='ocrx_word' id='word_1_284' title='bbox 533 2157 782 2192; x_wconf 89' lang='lat' dir='ltr'><strong>inveniuntur</strong></span> <span class='ocrx_word' id='word_1_285' title='bbox 804 2158 983 2192; x_wconf 85' lang='lat' dir='ltr'><strong>infinitivi</strong></span> <span class='ocrx_word' id='word_1_286' title='bbox 1007 2158 1044 2192; x_wconf 92' lang='lat' dir='ltr'><strong>in</strong></span> <span class='ocrx_word' id='word_1_287' title='bbox 1066 2159 1211 2192; x_wconf 89' lang='lat' dir='ltr'><strong>decade</strong></span> <span class='ocrx_word' id='word_1_288' title='bbox 1234 2158 1358 2200; x_wconf 88' lang='lat' dir='ltr'><strong>prima</strong></span> <span class='ocrx_word' id='word_1_289' title='bbox 1381 2159 1516 2192; x_wconf 87' lang='lat' dir='ltr'><strong>decem</strong></span> <span class='ocrx_word' id='word_1_290' title='bbox 1538 2158 1619 2192; x_wconf 85' lang='lat' dir='ltr'><strong>fere</strong></span> <span class='ocrx_word' id='word_1_291' title='bbox 1643 2158 1749 2192; x_wconf 87' lang='lat' dir='ltr'><strong>locis.</strong></span> <span class='ocrx_word' id='word_1_292' title='bbox 1773 2158 1872 2192; x_wconf 86' lang='lat' dir='ltr'><strong>Vide</strong></span> <span class='ocrx_word' id='word_1_293' title='bbox 1895 2157 2011 2192; x_wconf 88' lang='lat' dir='ltr'><strong>etiam</strong></span> 
     </span>
     <span class='ocr_line' id='line_1_32' title="bbox 242 2213 643 2248; baseline -0.002 0"><span class='ocrx_word' id='word_1_294' title='bbox 242 2225 318 2248; x_wconf 85' lang='lat' dir='ltr'><strong>acc.</strong></span> <span class='ocrx_word' id='word_1_295' title='bbox 344 2225 431 2248; x_wconf 89' lang='lat' dir='ltr'><strong>cum</strong></span> <span class='ocrx_word' id='word_1_296' title='bbox 454 2213 520 2247; x_wconf 83' lang='lat' dir='ltr'><strong>inf.</strong></span> <span class='ocrx_word' id='word_1_297' title='bbox 543 2213 643 2248; x_wconf 92' lang='lat' dir='ltr'><strong>coni.</strong></span> 
     </span>
    </p>

    <p class='ocr_par' dir='ltr' id='par_1_14' title="bbox 244 2268 2011 2360">
     <span class='ocr_line' id='line_1_33' title="bbox 354 2268 2011 2311; baseline -0.001 -8"><span class='ocrx_word' id='word_1_298' title='bbox 354 2269 513 2310; x_wconf 81' lang='lat' dir='ltr'><strong>patior:</strong></span> <span class='ocrx_word' id='word_1_299' title='bbox 544 2268 640 2304; x_wconf 88' lang='lat' dir='ltr'><strong>locis</strong></span> <span class='ocrx_word' id='word_1_300' title='bbox 672 2269 757 2311; x_wconf 89' lang='lat' dir='ltr'><strong>plus</strong></span> <span class='ocrx_word' id='word_1_301' title='bbox 791 2269 1039 2311; x_wconf 87' lang='lat' dir='ltr'><strong>septuaginta</strong></span> <span class='ocrx_word' id='word_1_302' title='bbox 1070 2281 1146 2303; x_wconf 89' lang='lat' dir='ltr'><strong>acc.</strong></span> <span class='ocrx_word' id='word_1_303' title='bbox 1180 2276 1215 2303; x_wconf 88' lang='lat' dir='ltr'><strong>et</strong></span> <span class='ocrx_word' id='word_1_304' title='bbox 1247 2269 1312 2303; x_wconf 84' lang='lat' dir='ltr'><strong>inf.</strong></span> <span class='ocrx_word' id='word_1_305' title='bbox 1346 2270 1418 2304; x_wconf 83' lang='lat' dir='ltr'><strong>hoc</strong></span> <span class='ocrx_word' id='word_1_306' title='bbox 1452 2270 1624 2304; x_wconf 78' lang='lat' dir='ltr'><strong>verbum.</strong></span> <span class='ocrx_word' id='word_1_307' title='bbox 1656 2269 1755 2304; x_wconf 89' lang='lat' dir='ltr'><strong>Vide</strong></span> <span class='ocrx_word' id='word_1_308' title='bbox 1787 2269 1903 2303; x_wconf 88' lang='lat' dir='ltr'><strong>etiam</strong></span> <span class='ocrx_word' id='word_1_309' title='bbox 1935 2281 2011 2303; x_wconf 88' lang='lat' dir='ltr'><strong>acc.</strong></span> 
     </span>
     <span class='ocr_line' id='line_1_34' title="bbox 244 2324 554 2360; baseline -0.006 0"><span class='ocrx_word' id='word_1_310' title='bbox 244 2336 331 2360; x_wconf 90' lang='lat' dir='ltr'><strong>cum</strong></span> <span class='ocrx_word' id='word_1_311' title='bbox 358 2325 425 2360; x_wconf 84' lang='lat' dir='ltr'><strong>inf.</strong></span> <span class='ocrx_word' id='word_1_312' title='bbox 454 2324 554 2360; x_wconf 90' lang='lat' dir='ltr'><strong>coni.</strong></span> 
     </span>
    </p>

    <p class='ocr_par' dir='ltr' id='par_1_15' title="bbox 246 2379 2010 2478">
     <span class='ocr_line' id='line_1_35' title="bbox 355 2379 2010 2423; baseline -0.002 -8"><span class='ocrx_word' id='word_1_313' title='bbox 355 2381 575 2423; x_wconf 87' lang='lat' dir='ltr'><strong>prohibeo:</strong></span> <span class='ocrx_word' id='word_1_314' title='bbox 607 2380 682 2415; x_wconf 92' lang='lat' dir='ltr'><strong>loci</strong></span> <span class='ocrx_word' id='word_1_315' title='bbox 713 2387 869 2415; x_wconf 85' lang='lat' dir='ltr'><strong>exstant</strong></span> <span class='ocrx_word' id='word_1_316' title='bbox 899 2380 1038 2422; x_wconf 78' lang='lat' dir='ltr'><strong>viginti</strong></span> <span class='ocrx_word' id='word_1_317' title='bbox 1068 2392 1167 2414; x_wconf 91' lang='lat' dir='ltr'><strong>unus</strong></span> <span class='ocrx_word' id='word_1_318' title='bbox 1200 2392 1277 2415; x_wconf 91' lang='lat' dir='ltr'><strong>acc.</strong></span> <span class='ocrx_word' id='word_1_319' title='bbox 1310 2387 1347 2415; x_wconf 89' lang='lat' dir='ltr'><strong>et</strong></span> <span class='ocrx_word' id='word_1_320' title='bbox 1378 2380 1444 2415; x_wconf 83' lang='lat' dir='ltr'><strong>inf.</strong></span> <span class='ocrx_word' id='word_1_321' title='bbox 1478 2380 1555 2416; x_wconf 89' lang='lat' dir='ltr'><strong>Cfr.</strong></span> <span class='ocrx_word' id='word_1_322' title='bbox 1588 2392 1665 2415; x_wconf 88' lang='lat' dir='ltr'><strong>acc.</strong></span> <span class='ocrx_word' id='word_1_323' title='bbox 1697 2392 1784 2415; x_wconf 89' lang='lat' dir='ltr'><strong>cum</strong></span> <span class='ocrx_word' id='word_1_324' title='bbox 1815 2379 1881 2414; x_wconf 88' lang='lat' dir='ltr'><strong>inf.</strong></span> <span class='ocrx_word' id='word_1_325' title='bbox 1913 2379 2010 2414; x_wconf 88' lang='lat' dir='ltr'><strong>coni.</strong></span> 
     </span>
     <span class='ocr_line' id='line_1_36' title="bbox 246 2436 1419 2478; baseline -0.001 -7"><span class='ocrx_word' id='word_1_326' title='bbox 246 2436 382 2471; x_wconf 90' lang='lat' dir='ltr'><strong>Nudus</strong></span> <span class='ocrx_word' id='word_1_327' title='bbox 407 2436 602 2471; x_wconf 88' lang='lat' dir='ltr'><strong>invenitur</strong></span> <span class='ocrx_word' id='word_1_328' title='bbox 626 2436 840 2470; x_wconf 87' lang='lat' dir='ltr'><strong>infinitivus</strong></span> <span class='ocrx_word' id='word_1_329' title='bbox 867 2448 934 2470; x_wconf 82' lang='lat' dir='ltr'><strong>sex</strong></span> <span class='ocrx_word' id='word_1_330' title='bbox 959 2436 1055 2471; x_wconf 85' lang='lat' dir='ltr'><strong>locis</strong></span> <span class='ocrx_word' id='word_1_331' title='bbox 1080 2436 1237 2471; x_wconf 89' lang='lat' dir='ltr'><strong>decadis</strong></span> <span class='ocrx_word' id='word_1_332' title='bbox 1262 2436 1419 2478; x_wconf 87' lang='lat' dir='ltr'><strong>primae.</strong></span> 
     </span>
    </p>

    <p class='ocr_par' dir='ltr' id='par_1_16' title="bbox 242 2489 2011 2583">
     <span class='ocr_line' id='line_1_37' title="bbox 353 2489 2011 2534; baseline -0.002 -7"><span class='ocrx_word' id='word_1_333' title='bbox 353 2492 466 2527; x_wconf 86' lang='lat' dir='ltr'><strong>sino:</strong></span> <span class='ocrx_word' id='word_1_334' title='bbox 493 2504 570 2527; x_wconf 88' lang='lat' dir='ltr'><strong>acc.</strong></span> <span class='ocrx_word' id='word_1_335' title='bbox 600 2498 637 2526; x_wconf 90' lang='lat' dir='ltr'><strong>et</strong></span> <span class='ocrx_word' id='word_1_336' title='bbox 665 2491 730 2526; x_wconf 85' lang='lat' dir='ltr'><strong>inf.</strong></span> <span class='ocrx_word' id='word_1_337' title='bbox 761 2491 1019 2534; x_wconf 88' lang='lat' dir='ltr'><strong>quadraginta</strong></span> <span class='ocrx_word' id='word_1_338' title='bbox 1047 2498 1203 2526; x_wconf 85' lang='lat' dir='ltr'><strong>exstant</strong></span> <span class='ocrx_word' id='word_1_339' title='bbox 1233 2492 1421 2534; x_wconf 82' lang='lat' dir='ltr'><strong>exempla.</strong></span> <span class='ocrx_word' id='word_1_340' title='bbox 1450 2492 1550 2526; x_wconf 89' lang='lat' dir='ltr'><strong>Vide</strong></span> <span class='ocrx_word' id='word_1_341' title='bbox 1579 2492 1695 2526; x_wconf 88' lang='lat' dir='ltr'><strong>etiam</strong></span> <span class='ocrx_word' id='word_1_342' title='bbox 1724 2503 1799 2526; x_wconf 89' lang='lat' dir='ltr'><strong>acc.</strong></span> <span class='ocrx_word' id='word_1_343' title='bbox 1828 2502 1916 2526; x_wconf 91' lang='lat' dir='ltr'><strong>cum</strong></span> <span class='ocrx_word' id='word_1_344' title='bbox 1945 2489 2011 2523; x_wconf 85' lang='lat' dir='ltr'><strong>inf.</strong></span> 
     </span>
     <span class='ocr_line' id='line_1_38' title="bbox 242 2547 1763 2583; baseline -0.001 0"><span class='ocrx_word' id='word_1_345' title='bbox 242 2548 343 2583; x_wconf 90' lang='lat' dir='ltr'><strong>coni.</strong></span> <span class='ocrx_word' id='word_1_346' title='bbox 1758 2547 1763 2550; x_wconf 81' lang='lat'>&#39;</span> 
     </span>
    </p>

    <p class='ocr_par' dir='ltr' id='par_1_17' title="bbox 245 2600 2011 2700">
     <span class='ocr_line' id='line_1_39' title="bbox 354 2600 2011 2645; baseline -0.002 -8"><span class='ocrx_word' id='word_1_347' title='bbox 354 2602 520 2644; x_wconf 84' lang='lat' dir='ltr'><strong>subigo:</strong></span> <span class='ocrx_word' id='word_1_348' title='bbox 554 2603 620 2644; x_wconf 88' lang='lat' dir='ltr'><strong>IX,</strong></span> <span class='ocrx_word' id='word_1_349' title='bbox 653 2613 707 2645; x_wconf 84' lang='lat'>41,</span> <span class='ocrx_word' id='word_1_350' title='bbox 740 2612 777 2645; x_wconf 88' lang='lat'><strong>5:</strong></span> <span class='ocrx_word' id='word_1_351' title='bbox 809 2602 1137 2645; x_wconf 87' lang='lat' dir='ltr'><strong>Tarquiniensem</strong></span> <span class='ocrx_word' id='word_1_352' title='bbox 1169 2609 1274 2637; x_wconf 88' lang='lat' dir='ltr'><strong>metu</strong></span> <span class='ocrx_word' id='word_1_353' title='bbox 1310 2603 1518 2645; x_wconf 88' lang='lat' dir='ltr'><strong>subegerat</strong></span> <span class='ocrx_word' id='word_1_354' title='bbox 1551 2603 1791 2637; x_wconf 86' lang='lat' dir='ltr'><strong>frumentum</strong></span> <span class='ocrx_word' id='word_1_355' title='bbox 1826 2600 2011 2636; x_wconf 87' lang='lat' dir='ltr'><strong>exercitui</strong></span> 
     </span>
     <span class='ocr_line' id='line_1_40' title="bbox 245 2658 1422 2700; baseline 0.001 -9"><span class='ocrx_word' id='word_1_356' title='bbox 245 2658 431 2699; x_wconf 88' lang='lat' dir='ltr'><strong>praebere</strong></span> <span class='ocrx_word' id='word_1_357' title='bbox 454 2664 569 2700; x_wconf 88' lang='lat' dir='ltr'><strong>atque</strong></span> <span class='ocrx_word' id='word_1_358' title='bbox 593 2658 763 2692; x_wconf 86' lang='lat' dir='ltr'><strong>indutias</strong></span> <span class='ocrx_word' id='word_1_359' title='bbox 786 2658 824 2692; x_wconf 93' lang='lat' dir='ltr'><strong>in</strong></span> <span class='ocrx_word' id='word_1_360' title='bbox 848 2658 1106 2700; x_wconf 85' lang='lat' dir='ltr'><strong>quadraginta</strong></span> <span class='ocrx_word' id='word_1_361' title='bbox 1131 2670 1255 2693; x_wconf 89' lang='lat' dir='ltr'><strong>annos</strong></span> <span class='ocrx_word' id='word_1_362' title='bbox 1280 2665 1422 2700; x_wconf 89' lang='lat' dir='ltr'><strong>petere.</strong></span> 
     </span>
    </p>

    <p class='ocr_par' dir='ltr' id='par_1_18' title="bbox 355 2713 1394 2755">
     <span class='ocr_line' id='line_1_41' title="bbox 355 2713 1394 2755; baseline -0.001 -7"><span class='ocrx_word' id='word_1_363' title='bbox 355 2716 471 2748; x_wconf 84' lang='lat' dir='ltr'><strong>veto:</strong></span> <span class='ocrx_word' id='word_1_364' title='bbox 494 2725 571 2748; x_wconf 88' lang='lat' dir='ltr'><strong>acc.</strong></span> <span class='ocrx_word' id='word_1_365' title='bbox 595 2720 632 2748; x_wconf 91' lang='lat' dir='ltr'><strong>et</strong></span> <span class='ocrx_word' id='word_1_366' title='bbox 656 2713 722 2747; x_wconf 83' lang='lat' dir='ltr'><strong>inf.</strong></span> <span class='ocrx_word' id='word_1_367' title='bbox 746 2713 1044 2755; x_wconf 89' lang='lat' dir='ltr'><strong>duodevinginti</strong></span> <span class='ocrx_word' id='word_1_368' title='bbox 1068 2713 1165 2748; x_wconf 90' lang='lat' dir='ltr'><strong>locis</strong></span> <span class='ocrx_word' id='word_1_369' title='bbox 1189 2714 1394 2748; x_wconf 88' lang='lat' dir='ltr'><strong>invenitur.</strong></span> 
     </span>
    </p>

    <p class='ocr_par' dir='ltr' id='par_1_19' title="bbox 247 2766 2011 2922">
     <span class='ocr_line' id='line_1_42' title="bbox 356 2766 2010 2811; baseline -0.002 -8"><span class='ocrx_word' id='word_1_370' title='bbox 356 2769 458 2803; x_wconf 88' lang='lat' dir='ltr'><strong>Nudi</strong></span> <span class='ocrx_word' id='word_1_371' title='bbox 483 2775 638 2803; x_wconf 89' lang='lat' dir='ltr'><strong>exstant</strong></span> <span class='ocrx_word' id='word_1_372' title='bbox 661 2769 857 2803; x_wconf 86' lang='lat' dir='ltr'><strong>infinitivi:</strong></span> <span class='ocrx_word' id='word_1_373' title='bbox 884 2770 911 2809; x_wconf 89' lang='lat' dir='ltr'><strong>I,</strong></span> <span class='ocrx_word' id='word_1_374' title='bbox 934 2778 988 2811; x_wconf 82' lang='lat'>53,</span> <span class='ocrx_word' id='word_1_375' title='bbox 1015 2779 1069 2809; x_wconf 90' lang='lat'><strong>10;</strong></span> <span class='ocrx_word' id='word_1_376' title='bbox 1093 2777 1227 2803; x_wconf 88' lang='lat' dir='ltr'><strong>vetant</strong></span> <span class='ocrx_word' id='word_1_377' title='bbox 1251 2769 1393 2809; x_wconf 85' lang='lat' dir='ltr'><strong>mirari,</strong></span> <span class='ocrx_word' id='word_1_378' title='bbox 1419 2769 1459 2809; x_wconf 86' lang='lat' dir='ltr'><strong>si,</strong></span> <span class='ocrx_word' id='word_1_379' title='bbox 1483 2769 1606 2811; x_wconf 80' lang='lat' dir='ltr'><strong>qualis</strong></span> <span class='ocrx_word' id='word_1_380' title='bbox 1629 2769 1666 2802; x_wconf 91' lang='lat' dir='ltr'><strong>in</strong></span> <span class='ocrx_word' id='word_1_381' title='bbox 1689 2768 1804 2807; x_wconf 77' lang='lat' dir='ltr'><strong>cives,</strong></span> <span class='ocrx_word' id='word_1_382' title='bbox 1829 2767 1951 2809; x_wconf 85' lang='lat' dir='ltr'><strong>qualis</strong></span> <span class='ocrx_word' id='word_1_383' title='bbox 1974 2766 2010 2800; x_wconf 91' lang='lat' dir='ltr'><strong>in</strong></span> 
     </span>
     <span class='ocr_line' id='line_1_43' title="bbox 248 2822 2011 2866; baseline -0.002 -8"><span class='ocrx_word' id='word_1_384' title='bbox 248 2823 388 2865; x_wconf 82' lang='lat' dir='ltr'><strong>sociOS,</strong></span> <span class='ocrx_word' id='word_1_385' title='bbox 413 2824 500 2859; x_wconf 88' lang='lat' dir='ltr'><strong>talis</strong></span> <span class='ocrx_word' id='word_1_386' title='bbox 525 2825 571 2859; x_wconf 90' lang='lat' dir='ltr'><strong>ad</strong></span> <span class='ocrx_word' id='word_1_387' title='bbox 594 2824 775 2859; x_wconf 90' lang='lat' dir='ltr'><strong>ultimum</strong></span> <span class='ocrx_word' id='word_1_388' title='bbox 798 2824 836 2858; x_wconf 88' lang='lat' dir='ltr'><strong>in</strong></span> <span class='ocrx_word' id='word_1_389' title='bbox 860 2825 1004 2859; x_wconf 85' lang='lat' dir='ltr'><strong>liberos</strong></span> <span class='ocrx_word' id='word_1_390' title='bbox 1029 2832 1149 2865; x_wconf 76' lang='lat' dir='ltr'><strong>esset:</strong></span> <span class='ocrx_word' id='word_1_391' title='bbox 1176 2825 1306 2864; x_wconf 88' lang='lat' dir='ltr'>XLII,</span> <span class='ocrx_word' id='word_1_392' title='bbox 1331 2825 1385 2864; x_wconf 83' lang='lat'><strong>62,</strong></span> <span class='ocrx_word' id='word_1_393' title='bbox 1412 2834 1467 2865; x_wconf 84' lang='lat'><strong>13:</strong></span> <span class='ocrx_word' id='word_1_394' title='bbox 1492 2824 1665 2866; x_wconf 85' lang='lat' dir='ltr'><strong>plerique</strong></span> <span class='ocrx_word' id='word_1_395' title='bbox 1690 2830 1821 2857; x_wconf 72' lang='lat' dir='ltr'><strong>vetare</strong></span> <span class='ocrx_word' id='word_1_396' title='bbox 1847 2822 2011 2864; x_wconf 83' lang='lat' dir='ltr'><strong>amplius</strong></span> 
     </span>
     <span class='ocr_line' id='line_1_44' title="bbox 247 2879 1468 2922; baseline -0.001 -8"><span class='ocrx_word' id='word_1_397' title='bbox 247 2880 488 2915; x_wconf 90' lang='lat' dir='ltr'><strong>mentionem</strong></span> <span class='ocrx_word' id='word_1_398' title='bbox 510 2880 615 2922; x_wconf 86' lang='lat' dir='ltr'><strong>pacis</strong></span> <span class='ocrx_word' id='word_1_399' title='bbox 639 2880 778 2915; x_wconf 83' lang='lat' dir='ltr'><strong>facere.</strong></span> <span class='ocrx_word' id='word_1_400' title='bbox 802 2879 903 2915; x_wconf 91' lang='lat' dir='ltr'><strong>Vide</strong></span> <span class='ocrx_word' id='word_1_401' title='bbox 927 2880 1043 2915; x_wconf 89' lang='lat' dir='ltr'><strong>etiam</strong></span> <span class='ocrx_word' id='word_1_402' title='bbox 1067 2892 1143 2915; x_wconf 87' lang='lat' dir='ltr'><strong>acc.</strong></span> <span class='ocrx_word' id='word_1_403' title='bbox 1167 2892 1255 2915; x_wconf 90' lang='lat' dir='ltr'><strong>cum</strong></span> <span class='ocrx_word' id='word_1_404' title='bbox 1280 2880 1346 2913; x_wconf 79' lang='lat' dir='ltr'><strong>inf.</strong></span> <span class='ocrx_word' id='word_1_405' title='bbox 1371 2880 1468 2914; x_wconf 88' lang='lat' dir='ltr'><strong>coni.</strong></span> 
     </span>
    </p>
   </div>
   <div class='ocr_carea' id='block_1_7' title="bbox 1108 2966 1142 3001">
    <p class='ocr_par' dir='ltr' id='par_1_20' title="bbox 1108 2966 1142 3001">
     <span class='ocr_line' id='line_1_45' title="bbox 1108 2966 1142 3001; baseline 0 -11"><span class='ocrx_word' id='word_1_406' title='bbox 1108 2966 1142 3001; x_wconf 78' lang='grc'><strong>51</strong></span> 
     </span>
    </p>
   </div>
  </div>
 </body>
</html>
