2174 3220
281 200 347 234 inf.
373 199 469 242 perf.
495 210 596 241 pass.
622 198 718 232 locis
743 198 882 240 viginti
909 210 1051 232 novem
1077 206 1296 240 usurpatur.

282 255 348 289 inf.
377 254 538 297 gerund.
569 253 666 288 locis
696 253 900 295 sexaginta
930 253 1010 287 fere
1040 260 1179 288 exstat.

282 309 510 344 Notandum
536 320 622 343 esse
648 308 802 343 videtur
829 308 1078 350 participium
1105 310 1259 343 “ratus'’
1287 322 1365 344 non
1392 310 1520 344 minus
1548 311 1725 345 ducentis
1753 311 1938 354 quinqua-

170 364 279 407 ginta
312 364 408 399 locis
443 371 610 405 exstare,
643 370 796 399 ceteras
831 364 980 398 formas
1015 364 1128 398 huius
1161 364 1270 399 verbi
1304 365 1407 399 haud
1442 366 1528 407 plus
1563 365 1724 407 triginta
1759 367 1938 409 quinque.

280 423 449 462 reputo:
478 420 585 460 XXI,
611 430 666 462 41,
698 419 755 454 16:
785 419 999 454 identidem
1026 420 1100 454 hoc
1129 419 1259 455 animo
1288 426 1453 462 reputet,
1482 428 1639 455 nostras
1668 433 1769 456 nunc
1796 422 1938 456 intueri

169 487 308 510 manus
343 482 521 510 senatum
555 476 821 518 populumque
857 476 1096 516 Romanum;
1133 475 1279 516 XXIV,
1319 475 1369 516 16,
1408 485 1464 517 13:
1503 476 1533 510 si
1569 477 1799 518 reputabitis
1834 478 1939 512 nulla

169 531 347 575 ignaviae
370 538 464 566 nota
488 531 634 565 leviore
656 543 729 565 vos
753 530 950 572 designari
974 530 1161 572 potuisse.

280 587 480 629 respicio:
511 586 638 627 XXX,
668 586 723 626 28,
755 596 812 620 11:
843 597 932 620 cum
961 585 1202 628 respicerent
1233 585 1291 620 bis
1324 597 1409 621 sese
1439 586 1520 621 acie
1549 586 1688 627 victos,
1719 587 1939 628 Syphacem

170 649 338 685 captum,
372 643 507 684 pulsos
543 654 583 676 se
618 641 822 684 Hispania,
857 642 992 684 pulsos
1028 640 1152 682 Italia,
1187 648 1302 683 atque
1336 653 1380 676 ea
1413 641 1544 676 omnia
1577 642 1691 676 unius
1724 642 1867 676 virtute
1902 649 1939 677 et

169 697 334 734 consilio
367 697 561 740 Scipionis
591 697 706 732 facta.

279 763 423 796 spero:
449 753 516 787 inf.
543 764 668 795 praes.
697 764 783 795 gen.
811 758 883 787 aet.
911 752 1053 794 legitur
1082 752 1150 793 IV,
1177 762 1208 793 2,
1239 762 1290 794 14,
1321 752 1497 794 (posse);
1527 753 1574 792 X,
1602 762 1632 794 7,
1662 763 1718 794 12;
1747 753 1939 794 XXVIII,

169 817 224 852 35,
256 819 313 850 11;
344 809 487 849 XXXI,
517 819 572 855 21,
606 818 657 849 10,
692 807 869 850 (posse);
902 807 1091 849 XXXIV,
1126 818 1177 849 11,
1207 817 1243 849 7;
1276 807 1466 849 XXXIV,
1496 818 1551 849 31,
1582 817 1618 850 5;
1651 808 1792 849 XLIV,
1822 818 1877 850 27,
1907 819 1939 850 3,

172 865 341 907 (posse).

279 920 345 954 inf.
374 920 470 962 perf.
499 926 571 955 act.
601 926 730 954 exstat
758 919 826 960 IV,
858 927 909 961 15,
938 920 974 960 6;
1004 918 1140 954 XLIV
1167 929 1233 959 ,22,
1258 928 1296 961 3;
1326 919 1446 960 XLV,
1474 930 1529 961 41,
1555 930 1587 961 9.

277 975 343 1009 inf.
373 976 442 1010 fut.
471 982 543 1010 act.
573 975 669 1010 locis
697 974 837 1017 viginti
865 974 1034 1017 quinque
1060 980 1282 1017 usurpatur.

275 1037 336 1065 ut:
360 1031 551 1068 XXXIV,
573 1041 627 1072 27,
650 1041 681 1072 3.

279 1087 441 1129 Saepius
470 1087 594 1122 multo
624 1087 725 1129 apud
754 1093 935 1121 nostrum
963 1086 1213 1121 inveniuntur
1242 1086 1475 1127 locutiones,
1505 1098 1601 1128 quae
1630 1099 1775 1122 nomen
1803 1087 1941 1130 “spes’'

167 1143 371 1178 continent
391 1155 480 1178 cum
498 1143 639 1185 copula
661 1143 828 1185 quadam
848 1141 1115 1183 coniunctum,
1138 1153 1256 1184 quare
1277 1149 1429 1184 partem
1450 1142 1566 1176 aliam
1587 1142 1771 1184 inspicias
1794 1155 1938 1185 quaeso

167 1200 214 1234 de
243 1198 479 1234 nominibus.

277 1255 488 1296 suspicor:
519 1254 691 1294 XXVII,
721 1263 776 1295 47,
806 1254 844 1288 6:
876 1253 1036 1288 minime
1067 1253 1104 1287 id
1137 1254 1240 1295 quod
1274 1260 1356 1288 erat
1389 1253 1577 1295 suspicari
1609 1260 1775 1296 poterat,
1809 1261 1939 1289 tantae

167 1311 221 1346 rei
246 1310 503 1345 frustratione
529 1310 794 1344 Hannibalem
819 1310 987 1350 elusum;
1012 1309 1184 1349 XXXII,
1211 1319 1262 1350 12,
1285 1309 1322 1344 8;
1350 1320 1437 1344 cum
1463 1321 1510 1344 ex
1533 1309 1737 1351 iniquitate
1763 1310 1940 1344 locorum

168 1366 205 1402 id
228 1367 332 1409 quod
356 1372 439 1401 erat
462 1365 683 1408 suspicatus
707 1371 821 1406 esset,
846 1364 954 1407 sequi
979 1377 1058 1400 non
1081 1376 1198 1407 posse
1221 1365 1389 1400 hostem.

278 1422 426 1456 timeo:
463 1422 512 1462 II,
549 1430 579 1462 7,
614 1431 651 1463 9:
690 1433 763 1463 ego
800 1420 1088 1463 me....ipsum
1123 1419 1350 1462 cupiditatis
1387 1420 1498 1462 regni
1535 1420 1683 1455 crimen
1720 1421 1940 1456 subiturum

168 1478 372 1513 timerem?
393 1477 463 1519 >’‘V,
486 1487 541 1518 21,
565 1477 602 1512 6:
625 1476 720 1512 nihil
744 1476 873 1511 minus
897 1476 1081 1511 timentes
1106 1488 1222 1519 quam
1238 1504 1244 1510 .
1261 1504 1267 1510 .
1284 1504 1290 1510 .
1308 1504 1314 1510 .
1330 1487 1461 1511 arcem
1485 1476 1562 1511 iam
1587 1477 1743 1519 plenam
1766 1476 1940 1512 hostium

169 1544 265 1568 esse.
289 1533 337 1574 X,
359 1533 414 1575 36,
435 1543 473 1575 3:
496 1532 534 1568 ni
555 1532 711 1568 cedenti
734 1532 971 1567 instaturum
994 1533 1161 1567 alterum
1185 1532 1419 1567 timuissent.

772 1650 824 1691 D.
885 1651 1032 1688 Verba
1059 1651 1336 1697 affectuum,

270 1747 405 1800 Apud
443 1748 715 1800 Draegerum
750 1748 926 1788 omnino
960 1748 1122 1788 desunt
1155 1748 1263 1788 haec
1302 1748 1457 1789 verba:
1497 1748 1722 1797 erubesco,
1755 1749 1942 1798 fastidiO,

160 1825 328 1866 gravor,
350 1814 525 1855 horreo.
584 1814 766 1855 Nullum
789 1815 844 1855 ab
864 1814 1017 1854 eodem
1039 1814 1223 1855 affertur
1244 1814 1490 1868 exemplum
1516 1815 1743 1855 Livianum
1765 1816 1942 1857 horum:

161 1892 314 1933 angor,
335 1893 525 1921 maereo.

281 1989 431 2021 angor:
463 1980 492 2020 I,
520 1979 576 2022 46,
604 1980 641 2014 6:
671 1980 888 2022 angebatur
917 1979 1031 2015 ferox
1060 1979 1188 2014 Tullia
1217 1979 1312 2014 nihil
1341 1979 1527 2013 materiae
1558 1979 1595 2013 in
1625 1979 1709 2014 viro
1738 1991 1863 2022 neque
1893 1981 1941 2015 ad

165 2035 421 2078 cupiditatem
443 2047 567 2077 neque
588 2036 636 2070 ad
657 2035 859 2070 audaciam
880 2047 982 2076 esse;
1006 2036 1203 2076 XXVIII,
1224 2036 1255 2076 8,
1281 2046 1314 2070 1:
1339 2035 1542 2077 Philippus
1563 2035 1763 2069 maerebat
1785 2034 1941 2076 quidem

169 2098 206 2126 et
227 2092 489 2133 angebatur..
507 2091 647 2126 ..nulli
669 2098 800 2126 tamen
823 2103 863 2126 se
884 2091 939 2126 rei
961 2091 999 2125 in
1021 2098 1199 2133 tempore
1220 2090 1452 2131 occurrisse,
1476 2097 1512 2125 et
1529 2118 1535 2125 .
1552 2118 1558 2124 .
1575 2119 1581 2124 .
1598 2118 1604 2124 .
1621 2089 1784 2125 elusisse
1806 2090 1940 2125 celeri—

169 2153 291 2182 tatem
322 2147 523 2182 fortunam
555 2159 674 2181 suam.

279 2203 569 2244 congratulor:
597 2203 670 2244 III,
695 2212 750 2245 54,
775 2212 810 2244 7:
837 2203 1162 2245 congratulantur
1188 2202 1410 2237 libertatem
1438 2201 1767 2243 concordiamque
1791 2201 1939 2236 civitati

169 2258 402 2293 restitutam.

279 2324 530 2356 conqueror.
559 2315 610 2354 ΙΙ,
634 2324 665 2355 3,
691 2324 727 2356 3;
755 2314 977 2348 libertatem
1003 2314 1169 2348 aliorum
1194 2314 1231 2347 in
1259 2326 1300 2347 su
1306 2325 1367 2347 am
1392 2313 1512 2347 vertis
1498 2325 1557 2347 se
1586 2313 1814 2347 servitutem
1840 2312 1940 2346 inter

171 2381 210 2405 se
239 2370 598 2412 conquerebantur;
632 2369 785 2412 1V‚56‚
820 2380 876 2404 10:
909 2369 1144 2411 nequiquam
1174 2369 1380 2411 conquesti
1411 2381 1490 2404 non
1522 2380 1607 2403 esse
1637 2368 1676 2403 in
1706 2368 1939 2403 auctoritate

172 2432 330 2460 senatus
365 2425 545 2460 tribunos
580 2425 765 2466 militum;
802 2425 916 2466 VIII,
950 2435 981 2466 2,
1015 2425 1053 2467 9:
1089 2424 1295 2466 conquesti
1331 2425 1466 2459 eadem
1504 2436 1543 2458 se
1580 2424 1807 2458 foederatos
1842 2421 1938 2464 pati;

170 2480 403 2522 XXXVIII,
432 2490 486 2523 54,
515 2481 551 2515 8;
582 2481 614 2515 is
644 2488 771 2516 morte
803 2481 842 2515 P.
872 2480 1071 2515 Africani.
1135 2492 1243 2515 .eam
1274 2488 1453 2515 exortam
1482 2479 1730 2521 rogationem
1761 2485 1819 2513 est
1849 2489 1940 2512 con

171 2544 341 2579 questus.

281 2593 420 2627 doleo:
447 2591 536 2632 VII,
561 2602 616 2633 30,
645 2601 701 2633 13:
729 2592 818 2634 quia
843 2592 978 2626 dolent
1004 2591 1185 2626 iniuriam
1213 2598 1414 2633 acceptam
1442 2590 1653 2630 Samnites;
1682 2589 1795 2630 VIII,
1821 2598 1876 2630 31,
1901 2598 1938 2630 3:

171 2654 371 2690 tamquam
397 2660 476 2682 non
503 2648 639 2682 eadem
665 2653 797 2682 mente
823 2647 988 2689 pugnari
1014 2647 1193 2687 vetuerit,
1221 2658 1295 2689 qua
1321 2653 1538 2689 pugnatum
1565 2646 1705 2679 doleat.

280 2704 498 2737 erubesco:
534 2703 678 2743 *XLV,
712 2703 767 2744 38,
802 2711 838 2744 7:
874 2702 1024 2737 Literni
1060 2702 1301 2737 domicilium
1337 2709 1374 2736 et
1410 2702 1541 2735 sedem
1576 2700 1696 2734 fuisse
1732 2698 1939 2734 domitoris

176 2758 345 2799 Africae,
371 2758 521 2793 Literni
548 2759 770 2800 sepulcrum
796 2758 951 2793 ostendi
980 2758 1267 2792 erubescamus.

288 2814 425 2849 Nudus
453 2821 582 2849 exstat
610 2814 825 2848 infinitivus
855 2814 902 2854 X,
931 2814 962 2854 8,
991 2823 1028 2855 53
1059 2814 1189 2854 XLII,
1217 2823 1272 2854 41,
1300 2823 1337 2853 2;
1369 2811 1490 2852 XLV,
1519 2820 1573 2853 35,
1604 2820 1634 2853 5.

281 2870 475 2904 fastidio:
497 2870 566 2910 VI,
588 2880 642 2911 41,
663 2880 700 2904 2:
723 2876 781 2904 est
803 2869 953 2911 aliquis,
978 2869 1040 2911 qui
1064 2881 1104 2903 se
1126 2868 1263 2909 inspici
1288 2867 1484 2902 aestimari
1509 2867 1693 2901 fastidiat.

285 2926 416 2960 Nudus
445 2932 564 2960 exstat
591 2925 793 2960 infinitivus
820 2925 866 2966 X,
892 2925 922 2966 8,
949 2925 978 2959 6.

1039 3012 1076 3041 27
