2174 3220
200 164 237 193 2.
269 164 349 203 pro
373 149 511 190 verbo
535 147 717 200 passivo
742 152 985 197 usurpatur
1010 159 1173 186 nomen
1200 159 1300 186 cum
1327 147 1464 187 verbo
1491 149 1683 199 quodam
1711 152 1969 202 copulativo

201 217 502 258 coniunctum.

311 311 556 346 admiratio:
583 308 728 349 XXVI,
757 318 807 349 12,
832 317 869 349 3:
895 306 1102 342 admiratio
1128 313 1215 342 orta
1241 315 1299 343 est
1325 320 1403 343 non
1431 308 1544 343 simul
1571 322 1794 352 regressum
1821 312 1970 347 Hanni-

201 369 339 404 balem.

311 431 498 456 carmen:
520 420 655 454 XXIX
676 429 742 460 ‚10‚
763 429 800 461 4:
821 419 982 453 invento
1004 418 1221 453 carmine..
1239 446 1245 452 .
1261 446 1267 452 .
1285 430 1372 453 eum
1393 419 1483 461 pelli
1508 420 1621 455 Italia
1640 420 1819 463 vincique
1841 434 1970 465 posse.

311 479 487 512 clamor:
508 477 657 511 clamor
676 475 818 510 oritur:
838 474 968 515 XXII,
987 484 1042 516 42,
1064 483 1100 515 7:
1123 474 1294 509 clamore
1314 481 1403 510 orto
1425 487 1445 509 a
1466 475 1675 511 militibus.
1693 505 1699 511 .
1716 505 1722 510 .
1739 505 1745 511 .
1763 477 1843 512 sine
1866 478 1970 513 duci-

200 533 272 567 bus
294 531 435 573 ituros3
459 531 609 573 XXIV,
631 540 686 573 25,
709 539 744 572 7;

311 587 460 622 clamor
479 586 649 621 tollitur:
671 586 840 626 XXXII,
860 595 916 627 30,
940 595 997 620 10:
1019 597 1041 620 a
1062 584 1251 619 militibus
1274 586 1421 620 clamor
1444 587 1619 621 sublatus
1642 594 1867 629 compotem
1888 588 1970 623 voti

199 644 403 679 consulem
431 654 471 677 se
497 643 689 683 facturos;
718 641 931 682 XXXVII,
957 650 1012 682 32,
1041 651 1090 674 11.

311 699 460 733 clamor
484 697 677 732 redditur:
703 697 786 738 XL,
811 705 866 738 27,
895 707 951 738 14:
978 696 1231 731 consentiens
1258 697 1494 731 reddebatur
1520 697 1687 732 militum
1715 699 1862 734 clamor
1888 700 1972 733 nul-

201 756 277 790 lam
300 754 468 789 militum
491 754 645 796 culpam
667 765 763 788 esse.

311 810 460 845 clamor
479 815 556 844 est:
578 809 726 849 XLIII,
748 808 799 849 16,
819 819 908 843 curn
925 808 1075 843 clamor
1095 807 1265 850 undique
1287 807 1410 850 plebis
1433 815 1535 843 esset
1556 808 1772 851 periculum
1793 810 1970 846 Graccho

200 879 278 901 non
304 878 400 901 esse.

310 921 531 963 cogitatio:
553 919 679 961 XXV,
700 930 754 961 24,
780 930 836 962 14:
859 930 947 954 curn
962 947 968 953 .
985 947 991 953 .
1008 947 1015 953 .
1032 947 1038 953 .
1056 919 1204 954 subiret
1226 919 1416 961 cogitatio
1439 919 1515 955 iarn
1537 920 1602 955 illa
1624 927 1827 956 momento
1851 921 1971 956 horae

200 990 334 1013 arsura
355 977 487 1013 omnia
509 983 545 1011 et
567 977 614 1011 ad
636 976 786 1011 cineres
809 975 997 1016 reditura;
1021 975 1208 1016 XXXVI,
1231 985 1286 1016 20,
1309 985 1345 1017 3:
1368 975 1557 1017 cogitatio
1580 976 1753 1011 animum
1776 977 1900 1012 subit.
1917 1005 1923 1012 .
1940 1005 1946 1012 .
1963 1005 1970 1012 .

200 1033 404 1075 indignum
427 1044 512 1066 esse
536 1032 574 1066 in
596 1043 716 1066 unum
741 1032 1012 1067 Coronensem
1035 1042 1173 1073 agrum
1197 1031 1356 1065 saevire.

311 1088 541 1123 confessio:
568 1088 596 1128 I,
620 1096 675 1129 45,
702 1097 739 1129 3:
767 1098 810 1122 ea
837 1093 919 1122 erat
944 1086 1143 1122 confessio
1171 1093 1286 1128 caput
1312 1098 1442 1121 rerum
1470 1088 1638 1122 Romam
1664 1099 1766 1129 esse;
1796 1089 1848 1129 II,
1876 1098 1906 1130 7,
1934 1098 1970 1130 7:

201 1144 473 1179 confesionem
502 1143 647 1178 factam
675 1142 808 1185 populi
839 1154 954 1184 quam
982 1142 1156 1177 consulis
1185 1142 1433 1177 maiestatem
1462 1142 1617 1185 vimque
1647 1143 1837 1178 maiorem
1867 1156 1970 1185 esse;

202 1201 272 1241 III,
293 1200 347 1240 28,
371 1210 427 1234 10:
448 1206 489 1233 ut
510 1198 751 1241 exprimatur
772 1198 930 1232 tandem
949 1197 1151 1233 confessio
1174 1199 1377 1232 subactam
1398 1198 1665 1241 domitamque
1687 1211 1773 1235 esse
1795 1206 1970 1242 gentem;

200 1254 395 1294 XXVIII,
428 1254 460 1295 8,
493 1263 529 1296 5:
564 1254 836 1289 confesionem
871 1266 911 1288 se
945 1253 1119 1288 hostium
1154 1254 1296 1288 habere
1331 1266 1576 1296 nequaquam
1610 1266 1724 1297 pares
1759 1267 1844 1290 esse
1881 1256 1970 1297 sibi;

201 1311 328 1351 XLII,
353 1319 408 1352 47,
431 1310 468 1345 8:
493 1309 553 1344 cui
579 1309 778 1344 confessio
804 1321 990 1351 expressa
1015 1309 1064 1344 sit
1090 1321 1130 1344 se
1155 1321 1279 1351 neque
1306 1316 1388 1344 arte
1415 1321 1505 1344 casu
1532 1309 1810 1346 sed....iusto
1837 1323 1879 1347 ac
1907 1312 1970 1354 pio

201 1378 286 1401 esse
319 1366 423 1401 bello
456 1372 691 1408 superatum.

311 1423 542 1456 decretum:
563 1421 794 1462 XXXVIII,
813 1430 868 1462 31,
887 1431 925 1456 2:
944 1421 1147 1456 decretum
1166 1421 1362 1456 referente
1382 1434 1427 1456 eo
1449 1421 1596 1456 factum
1618 1428 1676 1457 est
1692 1450 1698 1456 .
1714 1449 1721 1456 .
1737 1449 1744 1457 .
1760 1449 1768 1457 .
1782 1421 1972 1458 violatum

200 1477 322 1513 videri
350 1478 500 1512 foedus.

310 1535 443 1568 fama:
469 1533 575 1568 fama
597 1532 757 1567 accidit:
783 1532 955 1573 XXVII,
979 1542 1034 1574 29,
1062 1542 1097 1574 7:
1124 1532 1229 1567 fama
1254 1533 1395 1567 accidit
1422 1533 1588 1568 classem
1617 1533 1804 1569 Punicam
1831 1535 1973 1569 adven-

202 1595 300 1630 tare;
325 1588 498 1629 XXVII,
519 1598 574 1630 50,
594 1588 631 1629 6;
653 1588 845 1629 XXVIII,
867 1597 897 1630 7,
923 1598 978 1629 10;
1002 1588 1169 1630 XXXII,
1189 1598 1244 1630 30,
1265 1598 1302 1630 3;
1325 1588 1445 1630 XLV,
1466 1589 1521 1629 28,
1542 1589 1573 1624 8.

312 1644 418 1679 fama
451 1644 632 1678 affertur:
670 1644 738 1684 IV,
773 1644 828 1686 56,
863 1654 900 1686 4;
939 1644 1110 1679 Volscos
1147 1644 1287 1679 deinde
1325 1652 1363 1679 et
1400 1645 1773 1687 Aequos....fama
1811 1646 1973 1680 affertur

203 1711 353 1734 summa
373 1700 410 1733 vi
431 1701 478 1734 ad
497 1700 643 1734 bellum
663 1706 841 1740 coortos;
862 1700 978 1741 VIII,
1001 1709 1052 1742 15,
1072 1710 1108 1742 4;
1130 1700 1301 1740 XXXII,
1321 1710 1378 1742 31,
1398 1710 1434 1742 3:
1456 1700 1493 1735 ni
1514 1701 1617 1735 fama
1640 1702 1826 1736 Insubres
1846 1703 1972 1736 victos

200 1756 316 1790 allata
339 1755 492 1790 animos
515 1755 716 1798 fregisset;
742 1755 973 1797 XXXVIII,
995 1765 1027 1798 3,
1051 1755 1088 1797 6;
1114 1755 1244 1797 XLII,
1268 1756 1323 1798 67,
1345 1766 1377 1798 4.

312 1810 418 1845 ἔειπε
439 1817 516 1845 est:
539 1811 636 1846 locis
659 1812 746 1854 plus
770 1811 1029 1854 quadraginta
1051 1818 1180 1846 exstat
1203 1813 1298 1847 haec
1321 1812 1479 1847 locutio.

312 1866 418 1901 fama
445 1867 543 1902 exit:
572 1868 643 1908 III,
670 1877 725 1908 20,
753 1867 790 1902 6:
820 1868 924 1910 quod
953 1873 990 1902 et
1020 1879 1188 1910 augures
1217 1867 1346 1902 iussos
1375 1868 1513 1903 adesse
1542 1869 1589 1903 ad
1622 1868 1817 1910 Regillum
1847 1870 1973 1904 lacum

203 1923 305 1957 fama
327 1923 475 1957 exierat
497 1924 703 1965 locumque
725 1922 960 1965 inaugurari.

312 1978 418 2012 fama
440 1979 632 2012 exoritur:
657 1979 703 2019 X,
731 1989 782 2020 13,
806 1989 842 2013 2:
868 1979 972 2013 fama
996 1986 1133 2013 exorta
1161 1979 1352 2014 Etruscos
1379 1979 1650 2021 Samnitesque
1677 1979 1856 2021 ingentes
1881 1989 1964 2013 con

204 2034 371 2069 scribere
400 2034 604 2068 exercitus.

312 2089 417 2124 fama
439 2089 580 2124 fertur:
603 2090 696 2130 VII,
723 2100 773 2131 19,
797 2090 833 2124 6:
859 2090 947 2132 quia
972 2090 1167 2126 Caeritem
1191 2091 1378 2132 populum
1404 2090 1672 2125 misericordia
1698 2090 1972 2132 consanguini-

202 2145 293 2180 tatis
319 2145 668 2187 Tarquiniensibus
695 2146 920 2180 adiunctum
945 2146 1050 2180 fama
1074 2146 1283 2180 ferebatur.

313 2201 418 2235 ἔειπε
437 2201 651 2244 perfertur:
671 2201 718 2242 V,
740 2202 795 2242 28,
820 2212 875 2236 12:
898 2202 1003 2236 fama
1026 2203 1194 2237 Romam
1215 2202 1365 2244 perlata
1387 2208 1446 2237 est
1472 2202 1718 2237 Postumium
1742 2202 1973 2237 exercitum-

203 2269 274 2299 que
301 2257 486 2292 occisum.

312 2312 417 2346 ἔειπε
441 2312 660 2355 praevenit:
686 2312 810 2353 XXV,
834 2323 866 2355 9,
891 2322 927 2355 5:
952 2313 1168 2347 Tarentum
1194 2313 1298 2347 fama
1324 2320 1579 2355 praevenerat
1608 2313 1797 2348 Numidas
1824 2313 1972 2355 equites

201 2380 346 2410 paucos
374 2368 552 2410 populari
581 2380 697 2410 agros
728 2376 996 2410 terroremque
1026 2370 1101 2403 late
1131 2369 1351 2410 agrestibus
1381 2369 1570 2403 iniecisse.

313 2423 419 2458 ἔειπε
437 2429 562 2458 tenet:
584 2425 612 2464 I,
631 2434 662 2465 4,
682 2424 718 2458 6:
741 2430 848 2458 tenet
868 2424 1016 2458 fama..
1034 2452 1063 2458 ..
1081 2425 1256 2466 lupam..
1274 2452 1279 2458 .
1297 2452 1302 2458 .
1320 2436 1476 2458 cursum
1499 2424 1669 2464 flexisse;
1692 2425 1845 2465 XXIII,
1869 2434 1919 2464 12,
1940 2435 1970 2458 2.

313 2478 419 2513 fama
449 2479 634 2513 traditur:
667 2479 713 2519 V,
746 2489 801 2521 33,
835 2490 871 2514 2:
907 2491 991 2513 eam
1025 2486 1184 2522 gentem
1217 2480 1383 2514 traditur
1418 2481 1521 2514 fama
1537 2509 1542 2513 .
1560 2509 1565 2513 .
1583 2509 1588 2513 .
1606 2508 1612 2513 .
1630 2480 1749 2521 Alpes
1785 2480 1971 2514 transisse

203 2547 442 2577 agrosque..
460 2563 465 2569 .
483 2563 488 2568 .
506 2534 741 2576 possedisse.

314 2590 419 2625 fama
449 2591 649 2633 vulgatur:
682 2590 866 2631 XXXIV,
900 2591 951 2632 16,
982 2591 1019 2626 8:
1052 2591 1156 2626 fama
1188 2591 1327 2626 deinde
1358 2592 1540 2633 vulgatur
1572 2592 1775 2625 consulem
1806 2591 1843 2625 in
1875 2591 1970 2625 Tur-

204 2646 400 2681 detaniam
423 2646 637 2681 exercitum
661 2647 879 2681 ducturum.

314 2701 420 2736 fama
453 2707 627 2736 constat:
661 2702 772 2743 XXI.
805 2712 860 2743 20,
893 2713 931 2743 9:
968 2702 1063 2736 satis
1096 2709 1304 2737 constante
1338 2702 1442 2736 fama
1477 2702 1552 2736 iam
1589 2702 1780 2736 Hiberum
1816 2703 1971 2736 Poenos

205 2764 403 2792 transisse.

315 2812 420 2847 fama
441 2812 535 2847 fert:
558 2814 586 2853 I,
607 2822 661 2855 45,
682 2824 718 2847 2:
740 2813 778 2848 id
798 2813 1062 2848 communiter
1083 2825 1104 2848 a
1125 2813 1348 2848 civitatibus
1371 2813 1487 2847 Asiae
1510 2813 1655 2847 factum
1679 2814 1781 2847 fama
1804 2813 1970 2854 ferebat;

205 2868 253 2908 ΙΙ,
282 2877 311 2909 7,
341 2868 371 2902 6.

1067 2955 1106 2988 45
