2174 3220
254 176 480 211 ementior:
508 176 536 215 I,
561 174 592 215 8,
617 183 654 216 5:
682 181 814 208 natam
839 186 857 208 e
883 180 987 208 terra
1013 174 1084 208 sibi
1109 176 1261 216 prolem
1286 177 1614 219 ementiebantur;
1644 179 1767 222 XXV,
1793 191 1824 223 3,
1853 193 1910 217 11:

143 232 379 274 multiplices
405 230 526 265 fuisse
553 241 703 264 merces
731 229 1054 264 ementiebantur.

254 288 421 329 evulgo:
450 286 596 326 XLIV,
621 295 675 326 27,
706 295 762 326 13:
790 286 835 319 de
863 285 1026 326 captivis
1052 292 1182 320 actum
1208 298 1293 320 esse
1320 294 1357 321 et
1382 287 1455 330 ipsi
1483 290 1771 331 evulgaverant.

255 344 435 378 Alterum
457 354 536 376 non
558 342 678 376 credo
702 341 804 382 apud
827 347 1007 375 nostrum
1031 341 1144 375 huius
1168 342 1276 376 verbi
1299 354 1376 376 acc.
1402 355 1499 378 cum.
1524 344 1590 378 inf.
1616 345 1714 380 coni.
1739 346 1911 388 regentis

144 406 299 435 exstare
324 398 557 440 exemplum.

255 453 460 487 exclamo:
488 452 556 492 IV,
579 461 634 493 27,
662 462 719 486 12:
746 452 939 486 exclamat
964 458 1078 494 capta
1102 452 1276 486 hostium
1301 459 1444 494 castra;
1472 453 1539 495 IV,
1563 464 1618 496 33,
1641 465 1678 496 9;
1704 456 1749 496 X,
1777 466 1827 498 14,
1856 467 1912 498 19;

145 508 296 550 XXVI,
320 508 376 550 38,
399 518 437 550 9;
463 508 650 549 XXXIX,
680 518 730 548 11,
755 517 786 541 2.

255 573 425 598 excuso:
454 563 644 604 XXXIII,
670 573 725 605 29,
752 563 789 598 8:
819 574 906 598 cum
923 590 928 596 .
946 590 951 596 .
969 562 1144 597 ..verbis
1173 569 1326 597 tantum
1353 563 1531 598 civitates
1559 574 1792 602 excusarent
1820 567 1915 602 nihil

144 620 302 663 publico
334 619 499 655 consilio
533 620 681 654 factum
713 631 815 660 esse;
849 619 1084 659 XXXVIII,
1116 628 1171 661 25,
1203 630 1240 661 4:
1275 628 1507 654 excusantes
1540 622 1729 662 religione
1763 623 1917 658 obiecta

145 675 279 710 venire
305 687 419 718 reges
445 687 524 710 non
549 687 684 718 posse;
711 675 941 715 XXXVIII,
966 684 1021 717 52,
1050 684 1107 709 1οε
1135 686 1223 709 cum
1251 676 1292 709 L.
1322 675 1452 717 Scipio
1481 684 1707 712 excusasset
1735 680 1917 714 morbum

146 743 232 767 esse
260 743 399 767 causae
425 731 554 772 fratri;
582 732 686 772 XLI,
716 740 766 773 15,
792 741 829 773 9:
859 730 1059 766 sacrificiis
1087 742 1127 766 se
1154 730 1333 772 impediri
1362 731 1618 766 sollemnibus
1648 735 1869 770 excusabat.

257 788 486 829 exprobro:
520 788 572 828 II,
604 797 660 829 29,
693 787 730 821 6:
765 786 1096 829 exprobrantibus
1130 786 1357 821 consulibus
1391 786 1512 821 nihilo
1547 787 1633 829 plus
1667 787 1846 822 sanitatis
1879 787 1918 822 in

148 843 254 879 curia
276 854 392 886 quam
413 843 452 877 in
472 843 561 878 foro
585 854 687 884 esse;
712 842 759 883 X,
779 852 835 884 24,
856 842 893 877 6:
917 841 1101 877 nimirum
1123 842 1391 876 adversarium
1415 854 1467 882 se,
1490 854 1570 877 non
1594 843 1743 877 socium
1766 843 1918 885 imperii

148 899 292 942 legisse
329 899 475 934 sensim
511 899 725 941 exprobrat
762 904 799 933 et
834 898 1021 932 invidisse
1058 897 1224 932 Decium
1261 898 1523 933 concordibus
1562 898 1738 940 collegiis
1776 899 1918 940 tribus;

147 955 344 996 XXXIII,
367 964 423 998 35,
452 965 508 989 11:
535 955 824 997 exprobrarunt
849 966 928 989 non
953 954 1072 989 modo
1098 953 1201 988 vinci
1229 953 1310 988 sine
1335 953 1488 988 Aetolis
1517 954 1750 996 Philippum,
1778 956 1845 989 sed
1872 967 1920 990 ne

149 1011 316 1046 transire
350 1011 506 1053 quidem
536 1010 575 1044 in
607 1010 812 1046 Graeciam
844 1011 1046 1045 Romanos
1077 1009 1270 1052 potuisse;
1304 1009 1466 1049 XXXV,
1497 1010 1552 1051 48,
1587 1020 1643 1044 12:
1678 1011 1921 1052 exprobrans

150 1080 229 1102 non
253 1067 460 1102 victoriam
485 1067 603 1102 modo
630 1067 677 1101 de
703 1066 884 1108 Philippo
909 1065 1054 1100 virtute
1078 1066 1314 1100 Aetolorum
1339 1072 1491 1107 partam
1518 1066 1585 1100 sed
1611 1065 1729 1101 etiam
1756 1068 1923 1102 salutem

150 1123 355 1166 ipsumque
383 1129 420 1157 et
448 1122 664 1157 exercitum
691 1133 759 1156 sua
787 1133 906 1164 opera
935 1128 1124 1156 servatos.

264 1180 424 1213 fateor:
455 1178 522 1212 inf.
556 1189 680 1220 praes.
714 1189 800 1220 gen.
833 1183 905 1212 act.
939 1176 1081 1219 legitur
1113 1176 1184 1217 VI,
1216 1186 1271 1219 34,
1303 1187 1341 1218 93
1377 1176 1445 1217 IX,
1477 1187 1509 1218 4,
1545 1186 1601 1218 10;
1636 1177 1766 1218 XXII,
1797 1188 1852 1220 40,
1888 1188 1922 1219 1;

151 1235 303 1276 XXIII,
327 1245 382 1276 20,
407 1235 443 1275 6;
470 1234 619 1275 XXVI,
647 1244 699 1275 12,
728 1242 784 1275 17;
812 1233 941 1274 XXX,
966 1243 1022 1275 31,
1047 1241 1082 1274 7;
1109 1233 1232 1273 XXX,
1256 1241 1312 1274 35,
1342 1242 1392 1266 11.

262 1291 329 1325 inf.
355 1291 452 1333 perf.
477 1296 549 1325 act.
575 1296 705 1325 exstat
730 1289 801 1331 VI,
825 1297 881 1331 25,
909 1299 942 1330 13
971 1289 1098 1330 XXX,
1127 1298 1179 1330 13,
1208 1298 1264 1329 10;
1292 1288 1416 1329 XXX,
1440 1297 1496 1330 31,
1521 1297 1558 1330 5;
1584 1288 1779 1330 XXXIII,
1805 1299 1860 1330 22,
1885 1299 1923 1332 5;

153 1346 340 1388 XXXIV,
362 1357 417 1389 31,
443 1357 499 1388 19;
523 1346 713 1387 XXXIX,
736 1345 791 1387 28,
818 1355 874 1387 11;
899 1345 981 1385 XL,
1003 1355 1035 1387 3,
1063 1355 1096 1386 1;
1121 1345 1247 1385 XLII,
1270 1355 1325 1386 41,
1349 1344 1385 1385 6;
1412 1344 1558 1385 XLIV,
1581 1354 1636 1386 34,
1659 1344 1690 1378 6.

263 1403 330 1437 inf.
353 1414 478 1445 praes.
502 1414 587 1445 gen.
611 1413 712 1444 pass.
735 1407 946 1444 usurpatur
968 1401 1123 1441 XXIII,
1146 1400 1201 1442 48,
1224 1400 1261 1442 6;
1288 1400 1474 1442 XXXIV,
1499 1400 1530 1441 6,
1553 1410 1584 1442 4.

263 1459 330 1493 inf.
356 1459 452 1501 perf.
480 1470 581 1500 pass.
609 1457 797 1492 tredecim
825 1457 921 1492 locis
947 1457 1154 1491 invenitur.

264 1515 330 1549 inf.
355 1515 516 1557 gerund.
541 1513 683 1556 legitur
709 1514 776 1554 IX,
803 1523 854 1555 14,
881 1513 937 1554 16;
961 1512 1152 1553 XXXIV,
1174 1522 1229 1554 49,
1256 1523 1283 1547 1.

264 1572 376 1606 fero:
405 1571 584 1605 absolute
613 1576 650 1604 et
677 1575 940 1612 praegnanter
967 1575 1178 1611 usurpatur
1206 1580 1375 1610 persona
1404 1567 1519 1602 tertia
1548 1579 1650 1602 num.
1680 1568 1776 1610 plus.
1808 1574 1925 1612 temp.

154 1639 278 1671 praes.
301 1627 373 1662 vel.
399 1626 551 1669 imperf.

265 1683 332 1717 inf.
361 1683 457 1725 perf.
485 1681 594 1716 verbi
621 1688 693 1716 act.
721 1681 783 1715 vel
810 1681 894 1723 dep.
924 1680 1184 1723 quadraginta
1212 1679 1294 1714 fere
1323 1679 1430 1714 locis.

265 1739 332 1773 inf.
355 1738 451 1781 perf.
474 1749 560 1780 gen.
583 1749 684 1779 pass.
709 1743 837 1772 exstat
861 1736 957 1771 locis
978 1735 1172 1770 undecim.

266 1799 400 1837 aperte
429 1794 533 1828 fero:
565 1793 755 1833 XXVIII,
785 1803 840 1834 40,
871 1803 908 1834 2,
942 1798 1304 1827 curn....acturum
1337 1803 1376 1825 se
1407 1790 1445 1825 id
1476 1802 1543 1833 per
1574 1790 1762 1833 populum
1794 1796 1928 1832 aperte

156 1849 287 1885 ferret.

264 1905 369 1940 haud
386 1905 503 1940 dubie
522 1905 626 1939 fero:
647 1904 779 1945 XXII,
803 1914 853 1946 14,
876 1912 932 1946 15:
953 1904 1056 1938 haud
1077 1903 1192 1938 dubie
1212 1903 1390 1937 ferebant
1412 1901 1628 1937 Minucium
1650 1900 1769 1936 Fabio
1791 1901 1929 1935 ducem

157 1962 413 2004 praelaturos.

269 2017 397 2060 palam
421 2017 525 2051 fero:
550 2016 682 2057 XXII,
706 2026 761 2058 29,
785 2015 822 2050 6:
847 2016 976 2058 palam
1000 2015 1150 2049 ferente
1177 2014 1399 2049 Hannibale
1423 2014 1470 2048 ab
1496 2025 1536 2047 se
1563 2012 1790 2052 Minucium,
1817 2023 1857 2046 se
1882 2011 1930 2046 ab

161 2073 283 2109 Fabio
309 2073 473 2114 victum;
503 2072 653 2113 XXIV,
681 2082 736 2113 32,
768 2082 801 2106 1:
831 2072 933 2106 haud
961 2071 1050 2105 vani
1079 2070 1236 2113 quidam
1264 2069 1445 2105 homines
1473 2069 1601 2111 palam
1630 2068 1732 2103 ferre
1760 2067 1931 2110 perbene

160 2129 356 2163 detectam
379 2128 418 2162 in
443 2127 648 2162 Leontinis
673 2139 759 2162 esse
785 2126 989 2161 avaritiam
1013 2133 1050 2161 et
1073 2125 1348 2161 crudelitatem
1374 2126 1654 2160 Romanorum.

271 2183 377 2218 fama
397 2183 501 2218 fero:
524 2183 717 2224 XXVIII,
739 2193 794 2224 40,
821 2193 854 2217 1:
880 2194 967 2217 cum
990 2181 1212 2216 Africam..
1230 2209 1259 2216 ..
1277 2181 1317 2215 P.
1344 2179 1516 2222 Scipioni
1540 2178 1727 2214 destinari
1751 2176 1932 2212 homines

161 2239 266 2274 fama
297 2240 455 2274 ferrent.

272 2295 522 2330 sermonibus
548 2294 652 2328 fero:
681 2294 879 2334 XXXIII,
906 2303 961 2335 32,
989 2303 1025 2335 3:
1056 2292 1119 2328 alii
1148 2291 1577 2327 alia....sermonibus
1608 2289 1725 2324 etiam
1754 2288 1933 2323 ferebant

163 2352 366 2387 Romanos
393 2350 579 2385 facturos.

273 2406 379 2440 fama
398 2405 493 2439 fert:
516 2406 543 2446 I,
563 2414 618 2447 45,
639 2415 676 2439 2;
699 2404 737 2439 id
756 2404 1020 2439 communiter
1040 2415 1061 2438 a
1082 2402 1305 2438 civitatibus
1328 2401 1445 2436 Asiae
1469 2401 1616 2435 factum
1639 2400 1743 2434 fama
1764 2398 1932 2439 ferebat;

166 2462 218 2503 ΙΙ,
244 2470 274 2503 7,
299 2462 336 2496 6:
362 2473 528 2503 regnum
555 2472 642 2495 eum
668 2460 852 2494 affectare
879 2460 984 2494 fama
1010 2459 1171 2493 ferebat.

274 2516 429 2551 fabulae
449 2516 598 2550 ferunt:
618 2516 766 2556 XXIX,
789 2524 839 2556 17,
863 2526 919 2549 12:
940 2515 1062 2558 pestis
1083 2527 1125 2549 ac
1146 2514 1259 2549 belua
1279 2512 1472 2552 immanis,
1493 2512 1625 2553 quales
1647 2511 1791 2545 fretum
1812 2520 1934 2552 quon-

165 2573 255 2607 dam
269 2600 276 2606 .
293 2601 299 2606 .
316 2600 322 2606 .
339 2600 345 2606 .
362 2573 409 2606 ad
436 2572 649 2614 perniciem
677 2571 947 2613 navigantium
976 2569 1274 2605 circumsedisse
1304 2568 1458 2602 fabulae
1487 2567 1626 2601 ferunt.

276 2628 407 2669 fingo:
434 2628 504 2667 VI,
534 2636 584 2668 17,
610 2637 647 2669 3:
676 2627 870 2669 fingerent
896 2625 1105 2661 mentitum
1132 2631 1248 2666 atque
1276 2624 1363 2658 ideo
1391 2635 1470 2657 non
1499 2621 1692 2661 habuisse,
1721 2620 1823 2662 quod
1851 2625 1935 2654 tum

165 2684 439 2725 responderet;
465 2683 594 2723 XLII,
615 2693 647 2723 2,
672 2693 704 2716 1:
729 2694 817 2716 cum
839 2682 902 2716 alli
925 2682 1061 2716 abesse
1084 2692 1182 2720 eum,
1205 2680 1267 2714 alii
1290 2690 1450 2720 aegrum
1473 2689 1569 2717 esse,
1592 2677 1691 2711 falso
1714 2682 1936 2717 utrumque,

167 2738 369 2781 fingerent.

278 2795 403 2828 iaci0:
436 2794 505 2834 VI,
542 2804 594 2834 14,
632 2804 687 2827 11:
720 2793 870 2828 omisso
904 2791 1139 2831 discrimine,
1173 2803 1263 2825 vera
1297 2802 1344 2824 an
1378 2800 1476 2823 vana
1511 2788 1665 2827 iaceret,
1700 2787 1936 2821 thensauros

169 2849 305 2885 Gallici
330 2849 411 2883 auri
438 2848 624 2884 occultari
650 2860 670 2882 a
694 2848 869 2890 patribus
894 2848 993 2882 iecit.

279 2905 458 2938 Alterum
487 2917 564 2938 non
595 2905 712 2938 credo
741 2903 853 2937 huius
883 2903 988 2937 modi
1017 2901 1227 2936 locutionis
1258 2907 1413 2934 exstare
1442 2899 1674 2940 exemplum.

1029 2988 1068 3020 33
