2174 3220
307 166 492 201 destino:
518 164 588 204 *V,
612 174 666 205 24,
691 163 728 198 8:
755 169 929 197 ceterum
954 169 1105 205 partem
1132 163 1269 205 plebis,
1296 171 1447 206 partem
1474 172 1631 201 senatus
1657 168 1703 202 ad
1730 169 1964 204 habitandos

195 222 329 263 Veios,
358 222 531 263 duasque
560 220 676 254 urbes
705 218 926 254 communis
957 218 1011 252 rei
1040 218 1217 261 publicae
1246 219 1364 254 incoli
1394 232 1414 255 a
1442 222 1588 264 populo
1620 224 1798 258 Romano
1829 236 1962 267 posse;

197 277 348 318 XXIV,
367 288 399 318 2,
422 287 455 311 1:
478 288 572 318 quas
592 277 709 310 urbes
730 275 954 317 direpturos
977 286 1016 308 se
1039 274 1348 316 destinaverant;
1373 277 1519 318 XXIX,
1540 288 1594 318 20,
1615 289 1652 313 2:
1675 291 1789 321 quem
1805 308 1810 314 .
1828 309 1833 315 .
1850 309 1856 315 .
1874 309 1879 315 .
1897 293 1964 323 spe

194 332 452 370 destinaverit
477 331 743 367 Hannibalem
768 343 814 365 ex
841 330 952 365 Italia
979 330 1258 371 detracturum,
1285 331 1461 366 Africam
1489 334 1757 376 subacturum

306 389 442 423 edico:
475 387 542 422 inf.
576 398 700 429 praes.
732 392 804 421 act.
838 397 1030 427 nusquam
1063 385 1259 420 invenitur
1291 386 1364 420 nisi
1400 387 1568 429 XXVII,
1601 399 1656 431 24,
1689 400 1725 432 3:
1760 398 1825 426 aut
1857 391 1964 434 ipsos

195 444 395 486 extemplo
421 444 512 478 dare
538 449 603 477 aut
629 454 669 477 se
695 448 857 484 postero
884 441 944 476 die
972 447 1199 476 senatorum
1225 453 1362 477 omnes
1389 442 1534 478 liberos
1562 451 1807 487 sumpturum
1834 447 1964 483 edixit.

307 500 373 534 inf.
396 499 464 534 fut.
486 504 558 534 act.
582 504 711 533 exstat
735 497 803 538 IV,
829 497 879 537 18,
900 507 936 537 2;
961 497 1029 537 IV,
1049 507 1104 539 49,
1125 507 1162 537 2;
1187 497 1255 537 IV,
1276 497 1331 538 60,
1353 506 1389 540 5;
1414 499 1520 539 XXI,
1546 509 1596 540 11,
1617 510 1654 541 4;
1679 499 1830 540 XXIII,
1856 509 1906 542 13,
1928 510 1964 542 3;

197 556 346 596 XXVI,
367 555 422 596 26,
448 565 480 596 1;
505 554 648 595 XXVI,
672 562 726 595 27,
748 553 785 594 6;
811 553 961 593 XXVI,
984 561 1039 594 47,
1063 563 1099 594 2;
1125 553 1296 594 XXVII,
1319 564 1374 596 24,
1396 564 1433 596 3;
1458 555 1606 595 XLIII,
1633 565 1683 597 14,
1707 565 1737 597 5.

306 616 366 646 ut:
389 612 440 652 II,
462 619 517 652 45,
539 610 576 650 83
602 610 750 649 XLIII,
778 619 828 651 14,
851 618 886 650 7;
911 609 1031 649 XLV,
1053 619 1084 649 2,
1106 609 1142 649 6;
1170 609 1439 644 subiunctivus
1464 611 1589 645 nudus
1615 611 1723 652 XXI,
1746 622 1800 652 21,
1823 612 1853 646 6.

306 670 476 708 expeto:
504 666 587 705 XL,
615 675 665 705 10,
692 674 728 706 5:
754 664 903 707 perisse
933 664 1032 705 (me)
1062 670 1261 706 expetunt,
1288 665 1375 706 quia
1402 665 1477 699 tuis
1503 666 1651 700 iniuriis
1679 667 1805 701 doleo.

306 723 488 757 Alterum
510 722 623 756 huius
647 721 753 756 modi
778 720 989 755 locutionis
1012 721 1114 762 apud
1137 727 1317 755 nostrum
1342 733 1421 756 non
1445 728 1573 756 exstat
1599 723 1831 765 exemplum.

307 787 505 820 exposco:
529 778 558 818 I,
578 787 633 819 32,
656 786 692 819 7:
717 776 747 811 si
771 788 844 819 ego
867 775 1009 811 iniuste
1032 775 1226 818 impieque
1250 776 1337 811 illos
1361 777 1540 812 homines
1564 777 1726 820 illasque
1750 791 1812 814 res
1836 779 1968 815 dedier

196 834 291 869 mihi
316 845 500 876 exposco.

309 889 419 931 Quae
442 889 561 923 verba
584 888 622 923 in
646 888 816 923 formula
841 887 1000 929 antiqua
1023 899 1042 922 a
1069 887 1180 922 Livio
1205 887 1323 922 citata
1348 895 1514 923 exstant.

309 945 448 980 iubeo:
484 944 580 980 locis
614 945 702 987 plus
737 943 923 978 trecentis
957 942 1240 985 quinquaginta
1274 955 1351 978 acc.
1388 955 1486 979 cum.
1522 944 1588 979 inf.
1626 945 1724 980 coni.
1759 947 1859 989 regit
1895 948 1965 983 hoc

196 1002 370 1037 verbum.
393 1001 471 1036 Cfr.
494 1012 570 1035 acc.
594 1006 630 1035 et
651 1000 717 1034 inf.
739 1000 880 1042 explet.
925 1000 1012 1034 Una
1033 1005 1271 1041 usurpantur
1291 1000 1427 1034 ambae
1451 1001 1766 1036 constructiones
1787 1003 1856 1041 VI,
1878 1013 1910 1045 3,
1931 1011 1966 1045 5;

196 1056 291 1097 VII,
314 1066 365 1098 19,
386 1065 422 1098 7;
443 1057 488 1097 X,
508 1065 540 1098 5,
562 1066 595 1096 Ι,
617 1055 750 1095 XXII,
769 1064 824 1097 54,
844 1064 880 1097 5;
903 1055 1058 1095 XXIII,
1084 1065 1134 1095 10,
1156 1063 1192 1097 5;
1215 1055 1366 1095 XXIII,
1390 1055 1440 1096 16,
1464 1065 1519 1097 12;
1542 1056 1666 1097 XXV,
1687 1067 1741 1099 41,
1766 1068 1798 1098 1;
1822 1058 1968 1099 XXIX,

197 1123 252 1153 22,
278 1122 311 1153 1;
336 1112 524 1152 XXXIII,
546 1121 601 1153 29,
625 1120 660 1153 7;
684 1111 874 1151 XXXIV,
902 1119 952 1153 15,
974 1120 1011 1152 3;
1035 1111 1161 1151 XLII,
1184 1119 1238 1153 59.
1265 1121 1314 1145 11.

308 1168 438 1202 malo:
467 1167 532 1202 inf.
563 1179 686 1210 praes.
718 1178 803 1209 gen.
834 1172 905 1201 act.
938 1166 1206 1208 septendecim
1235 1166 1331 1201 locis
1362 1166 1567 1201 invenitur.

308 1223 375 1257 inf.
397 1223 493 1266 perf.
515 1229 587 1258 act.
610 1222 752 1265 legitur
774 1221 940 1262 XXXV,
961 1232 1015 1263 39,
1037 1230 1073 1264 53
1097 1221 1144 1262 X,
1169 1221 1220 1261 18,
1244 1232 1294 1263 14.

309 1279 375 1313 inf.
401 1290 525 1321 praes.
550 1290 636 1321 gen.
661 1290 762 1320 pass.
786 1278 922 1312 decem
947 1277 1043 1312 locis
1067 1284 1287 1319 usurpatur.

310 1335 377 1369 inf.
409 1334 506 1377 perf.
538 1346 639 1376 pass.
672 1340 801 1369 exstat
832 1333 879 1374 X,
912 1333 964 1373 18,
998 1343 1054 1375 14:
1086 1333 1233 1374 XXIV,
1267 1333 1317 1374 16,
1347 1344 1384 1375 9;
1418 1334 1501 1375 XL,
1531 1334 1586 1376 46,
1617 1345 1653 1376 2;
1687 1336 1816 1377 XLII,
1846 1347 1900 1379 40,
1933 1348 1969 1380 3;

199 1390 343 1432 XYIV,
373 1400 424 1432 10,
453 1400 480 1425 1.

312 1447 453 1481 Exstat
475 1446 721 1481 accusativus
745 1445 991 1488 pronominis
1015 1444 1189 1479 reflexivi
1213 1445 1476 1487 oppositionis
1501 1458 1617 1481 causa
1641 1447 1832 1489 XXVIII,
1855 1460 1910 1491 42,
1933 1461 1970 1491 9;

201 1503 369 1544 XXXV,
393 1502 444 1543 16,
465 1511 494 1544 7.

313 1558 403 1593 Non
436 1559 569 1592 subest
601 1557 711 1592 notio
743 1556 1007 1599 oppositionis
1040 1568 1315 1599 personarum:
1349 1557 1483 1597 XXII,
1515 1566 1570 1600 50,
1602 1567 1637 1600 7;
1671 1559 1818 1601 XXIX,
1849 1570 1903 1603 25,
1934 1571 1970 1603 3;

200 1614 387 1655 XXXIV,
409 1623 440 1655 7,
465 1623 515 1655 13.

310 1671 399 1706 Una
423 1669 675 1704 inveniuntur
699 1668 914 1703 infinitivus
940 1668 1066 1703 nudus
1093 1675 1130 1703 et
1156 1680 1232 1703 acc.
1260 1679 1358 1704 cum.
1384 1669 1450 1703 inf.
1477 1669 1576 1705 coni.
1606 1671 1672 1711 IX,
1702 1679 1752 1713 15,
1778 1680 1814 1714 5;
1842 1672 1972 1713 XXII,

199 1735 255 1769 50,
275 1726 312 1767 6;
335 1725 500 1766 XXXV,
522 1735 554 1767 4,
575 1735 611 1766 2;
636 1724 782 1765 XLIV,
803 1735 858 1765 22,
884 1734 934 1759 10.

312 1782 428 1817 nolo:
449 1781 515 1815 inf.
538 1792 661 1823 praes.
683 1792 769 1823 gen.
790 1786 862 1815 act.
884 1779 1027 1822 legitur
1048 1786 1199 1822 septem
1221 1780 1328 1815 locis.

310 1837 376 1871 inf.
397 1848 520 1880 praes.
542 1848 627 1879 gen.
647 1848 748 1879 pass.
770 1836 905 1870 novies
925 1842 1145 1878 usurpatur.

311 1893 378 1927 inf.
401 1893 496 1935 perf.
518 1904 619 1935 pass.
642 1898 771 1927 exstat
792 1891 858 1932 IV,
878 1901 933 1933 24,
952 1892 989 1933 8;
1012 1891 1136 1932 XXV,
1156 1901 1187 1933 3,
1211 1902 1260 1926 12.

312 1951 432 1990 opto:
457 1960 535 1983 non
559 1947 735 1982 adhibito
759 1947 825 1981 inf.
849 1947 1014 1989 copulae
1039 1947 1172 1982 “esse''
1196 1959 1273 1982 acc.
1300 1959 1397 1982 cum.
1424 1947 1489 1982 inf.
1516 1947 1615 1983 coni.
1642 1954 1796 1983 exstare
1821 1948 1974 1983 videtur

203 2004 311 2045 XXI,
336 2014 391 2046 42,
415 2014 452 2038 2:
479 2015 519 2038 se
545 2003 706 2046 quisque
732 2015 819 2037 eum
844 2003 1017 2044 optabat,
1044 2014 1158 2045 quem
1184 2003 1342 2038 fortuna
1368 2003 1407 2037 in
1434 2003 1470 2038 id
1496 2010 1695 2038 certamen
1722 2004 1879 2046 legeret.

311 2065 372 2094 ut:
397 2059 544 2097 XXIX,
568 2069 622 2100 23,
646 2059 682 2099 8;

313 2115 381 2149 inf.
400 2115 540 2155 nudus,
564 2115 630 2155 IX,
655 2125 706 2156 14,
732 2124 780 2156 15.

314 2183 473 2224 pati0r:
499 2181 595 2216 locis
620 2182 706 2222 plus
731 2181 980 2222 septuaginta
1004 2187 1094 2223 post
1118 2182 1191 2216 hoc
1217 2181 1379 2215 verbum
1406 2193 1482 2216 acc.
1509 2192 1597 2216 cum
1623 2181 1688 2216 inf.
1716 2182 1802 2216 coni
1829 2182 1975 2217 inveni-

203 2245 275 2274 tur.
325 2238 404 2273 Cfr.
430 2237 548 2273 etiam
572 2248 649 2271 acc.
675 2242 712 2271 et
736 2236 802 2270 inf.
828 2237 968 2278 explet.

315 2303 507 2344 pervolo:
545 2302 659 2343 VIII,
701 2302 752 2343 18,
790 2313 827 2337 2:
867 2303 961 2338 illud
1000 2303 1496 2345 pervelim....proditum
1536 2303 1635 2339 falso
1678 2315 1773 2344 esse,
1814 2304 1974 2339 venenis

203 2358 445 2401 absumptos.

315 2413 495 2448 Alterum
520 2425 598 2448 non
623 2420 752 2449 exstat
776 2414 1009 2456 exemplum.

316 2480 503 2521 postulo:
528 2480 594 2514 inf.
620 2492 743 2522 praes.
770 2492 855 2523 gen.
881 2487 952 2516 act.
978 2487 1107 2516 exstat
1131 2481 1299 2521 XXXII,
1324 2491 1377 2521 21,
1401 2480 1455 2515 26.

316 2535 382 2569 inf.
415 2547 539 2577 praes.
573 2547 659 2577 gen.
692 2547 793 2578 pass.
827 2536 969 2578 legitur
1003 2536 1114 2577 XXI,
1148 2547 1202 2578 30,
1236 2546 1272 2578 3;
1308 2536 1453 2576 XXVI,
1486 2546 1541 2576 22,
1574 2545 1610 2578 5;
1645 2536 1817 2575 XXXII,
1850 2546 1904 2577 33,
1936 2536 1972 2576 6;

204 2590 372 2631 XXXII,
394 2601 448 2632 34,
468 2601 506 2632 9;
529 2591 716 2631 XXXVI,
737 2591 769 2632 6,
790 2602 821 2633 4.

316 2658 536 2699 prohibeo:
565 2668 642 2692 acc.
671 2669 761 2692 eum
789 2657 856 2692 inf.
887 2658 987 2700 regit
1015 2659 1089 2693 hoc
1118 2658 1280 2693 verbum
1309 2657 1404 2693 locis
1435 2657 1665 2700 quindecim.
1720 2658 1798 2693 Cfr.
1829 2669 1906 2692 acc.
1937 2665 1974 2693 et

205 2709 270 2744 inf.
297 2711 438 2752 explet.

315 2775 468 2811 scisco:
491 2777 615 2817 XXV,
637 2789 668 2819 4,
690 2788 727 2819 9:
751 2778 884 2820 plebes
908 2779 960 2813 ita
984 2778 1096 2813 scivit
1112 2807 1118 2812 .
1136 2807 1141 2813 .
1159 2807 1164 2812 .
1182 2807 1187 2813 .
1204 2779 1325 2813 videri
1350 2791 1437 2813 eum
1462 2779 1499 2813 in
1523 2778 1660 2813 exsilio
1686 2789 1770 2812 esse
1794 2776 1973 2816 bonaque

200 2830 280 2866 eius
300 2832 443 2873 venire,
464 2833 536 2874 ipsi
557 2845 655 2875 aqua
675 2840 712 2869 et
732 2834 811 2876 igni
832 2835 985 2877 placere
1006 2835 1201 2869 interdici:
1222 2835 1370 2874 XXVI,
1389 2845 1420 2876 3,
1444 2844 1499 2868 12:
1521 2834 1557 2868 id
1579 2834 1610 2868 ei
1631 2834 1775 2868 iustum
1796 2832 1975 2868 exsilium

206 2896 291 2921 esse
316 2887 428 2922 scivit
451 2889 572 2930 plebs.

1067 2978 1103 3007 41
