2070 3256
261 122 335 157 Ins.
368 122 607 165 supplendus
637 128 696 158 est
726 120 862 163 XXII,
896 132 923 163 1,
958 122 1015 157 16:
1046 133 1162 164 quem
1192 122 1240 157 ad
1271 122 1433 157 modum
1462 121 1571 156 cordi
1603 132 1687 157 esse
1719 120 1818 156 divis
1853 120 1916 162 (ea

146 177 248 221 fieri)
273 189 292 212 e
315 178 552 213 carminibus
573 178 855 220 praefarentur.

257 232 334 268 Inf.
353 233 500 268 nudus:
520 233 694 275 XXVII,
714 244 768 274 20,
789 242 819 275 7.

257 299 399 324 curae:
425 289 555 330 XXX,
579 299 633 331 31,
657 299 694 331 3:
722 289 791 324 tibi
817 301 930 324 curae
958 295 1016 324 est
1042 288 1187 324 sentire
1211 288 1315 324 cives
1341 294 1442 328 tuos,
1469 294 1614 330 quanto
1642 300 1709 330 per
1735 294 1772 323 te
1796 299 1916 323 onere

146 345 334 380 leventur.

257 406 317 435 ut:
341 402 393 441 II,
414 411 469 443 24,
490 412 527 443 43
553 401 604 441 II,
626 411 680 443 30,
703 411 739 443 43
765 399 833 441 IV,
856 409 886 442 7,
908 400 938 434 6.

257 467 306 491 ex
344 457 570 498 dignitate:
608 457 730 497 XXX,
767 466 822 497 23,
859 466 896 497 3:
934 467 1014 490 non
1050 455 1173 490 videri
1212 454 1353 490 sibi...
1371 482 1376 489 .
1394 466 1479 489 eam
1515 466 1598 489 rem
1636 454 1698 496 agi
1737 455 1831 490 satis
1870 467 1917 491 ex

145 512 338 555 dignitate
361 512 495 555 populi
520 512 688 547 Romani
713 523 815 553 esse;
840 511 993 552 XXXI,
1021 519 1072 553 15,
1099 522 1132 546 1:
1158 522 1205 545 ex
1230 510 1421 553 dignitate
1445 510 1570 552 magis
1595 510 1722 545 visum
1747 511 1916 546 scribere

145 579 244 602 eum.

257 624 457 665 exempli:
483 623 656 663 XXVII,
679 622 710 663 6,
734 632 772 664 4:
796 622 920 658 multo
945 621 1135 657 foedioris
1160 621 1329 664 exempli
1358 620 1483 663 (esse)
1511 632 1599 655 eum
1623 621 1751 663 ipsum
1777 622 1915 663 creari;

147 678 383 719 XXXVIII,
411 679 465 721 56,
497 689 553 713 10:
582 677 861 713 tolerabilioris
891 677 1059 720 exempli
1089 689 1174 712 esse
1204 689 1224 712 a
1252 677 1409 712 tribuno
1439 676 1564 719 plebis
1593 677 1724 720 potius
1753 689 1868 720 quam
1897 690 1918 713 a

145 734 299 777 privato
322 735 466 770 victam
487 734 611 769 videri
633 740 670 769 et
693 733 941 769 tribuniciam
964 739 1204 776 potestatem
1228 739 1265 767 et
1288 744 1371 767 rem
1392 732 1589 775 publicam
1614 743 1710 766 esse.

256 790 459 825 invidiae:
484 791 535 830 ΙΙ,
559 799 612 832 52,
634 800 670 832 3;
694 789 861 823 invidiae
884 796 966 824 erat
989 788 1177 823 amissum
1202 789 1409 824 Cremerae
1433 788 1682 830 praesidium,
1706 799 1793 822 cum
1815 786 1917 822 haud

145 847 282 889 procul
305 846 394 880 inde
419 845 560 880 stativa
583 845 720 880 consul
745 845 956 880 habuisset.

257 901 488 936 libertatis:
524 901 755 941 XXXVIII,
788 910 842 943 50,
877 901 914 935 8:
949 900 1045 934 nihil
1079 906 1160 935 tam
1194 900 1419 942 aequandae
1453 899 1645 934 libertatis
1681 911 1765 934 esse
1802 910 1917 941 quam

144 957 464 1000 potentissimum
485 969 676 999 quemque
698 969 814 999 posse
836 956 964 991 dicere
986 968 1153 991 causam.

255 1013 477 1048 miraculo:
502 1013 629 1053 XXV,
652 1013 683 1053 8,
707 1022 743 1054 7:
767 1012 972 1055 minusque
996 1012 1137 1047 iterum
1162 1024 1203 1046 ac
1230 1011 1384 1054 saepius
1408 1011 1445 1046 id
1470 1023 1537 1047 eos
1561 1012 1702 1046 audere
1727 1010 1914 1046 miraculo

143 1069 227 1105 fuit.

255 1125 416 1167 operis:
447 1124 639 1165 XXXVI,
668 1135 722 1166 34,
753 1135 790 1166 4:
823 1124 879 1158 sui
910 1123 1079 1159 maxime
1109 1123 1239 1166 operis
1271 1136 1356 1159 esse
1388 1123 1551 1158 credens
1581 1123 1727 1158 nullam
1759 1130 1916 1166 gentem

155 1210 161 1216 .
179 1210 185 1216 .
203 1210 208 1216 .
226 1210 231 1216 .
248 1181 425 1216 funditus
449 1180 581 1215 everti.

256 1237 472 1279 religioni:
494 1236 541 1277 V,
568 1246 618 1278 13,
640 1236 677 1271 8:
702 1235 883 1278 religioni
906 1235 1046 1270 deinde
1069 1234 1202 1275 fuisse,
1227 1234 1365 1277 quibus
1390 1246 1475 1269 eam
1499 1246 1615 1277 opem
1638 1234 1698 1269 dei
1723 1234 1916 1274 tulissent,

143 1292 291 1328 vinciri.

254 1350 361 1392 quia:
384 1348 491 1388 XLI,
518 1348 568 1385 16.
594 1358 620 1382 1.

253 1405 303 1439 ab
325 1415 389 1439 re:
412 1404 579 1444 XXXV,
600 1414 655 1445 32,
676 1404 712 1438 6:
736 1415 813 1438 non
836 1404 883 1438 ab
905 1415 943 1438 re
967 1402 1168 1445 Quincitio
1190 1402 1317 1437 visum
1340 1409 1398 1437 est
1421 1402 1619 1437 sociorum
1640 1402 1790 1444 aliquos
1814 1403 1917 1444 lega—

143 1468 206 1496 tos
231 1461 421 1495 interesse
448 1460 480 1496 ei
507 1460 686 1495 concilio.

254 1516 331 1551 Inf.
351 1516 495 1551 nudus:
517 1516 633 1556 VIII,
659 1527 710 1555 11,
736 1526 762 1549 1.

255 1574 297 1607 in
320 1583 426 1607 rem:
451 1572 594 1612 XLIV,
620 1582 671 1613 19,
694 1582 730 1613 3:
753 1571 924 1613 cognitis
949 1583 1041 1606 mox
1066 1583 1162 1613 quae
1186 1570 1295 1605 nosci
1320 1570 1425 1612 prius
1449 1571 1487 1605 in
1512 1583 1594 1605 rem
1617 1577 1731 1606 esset.

253 1632 402 1663 contra
429 1638 515 1662 rem
546 1628 774 1669 publicam:
804 1628 879 1667 ΙΙΙ,
907 1637 961 1667 21,
989 1637 1025 1661 2:
1056 1627 1093 1661 in
1122 1626 1314 1668 reliquum
1344 1626 1598 1668 magistratus
1630 1626 1848 1661 continuari
1878 1632 1916 1661 et

143 1686 303 1721 eosdem
329 1685 508 1719 tribunos
533 1683 639 1718 refici
664 1690 802 1718 contra
825 1695 907 1717 rem
932 1683 1128 1725 publicam
1153 1695 1248 1717 esse.

253 1752 276 1776 e
299 1752 344 1775 re
368 1740 552 1782 publica:
576 1739 693 1779 VIII,
717 1749 771 1780 32,
799 1739 855 1773 18:
882 1751 960 1774 non
984 1739 1106 1773 videri
1132 1752 1151 1774 e
1176 1751 1216 1773 re
1241 1738 1396 1780 publica
1420 1738 1458 1772 in
1486 1738 1531 1780 Q.
1561 1738 1722 1772 Fabium
1749 1750 1794 1773 eo
1819 1744 1915 1772 tem-

143 1808 238 1838 pore
268 1795 544 1836 animadverti;
577 1795 728 1835 XXVI,
761 1805 791 1837 3,
827 1805 882 1829 11:
915 1801 1326 1837 cum....negassent
1357 1800 1488 1836 patres
1521 1806 1539 1828 e
1572 1806 1612 1828 re
1643 1794 1797 1836 publica
1829 1806 1914 1828 esse

144 1851 301 1886 abscedi
343 1863 363 1886 a
407 1852 555 1893 Capua;
600 1851 774 1889 XXVII,
817 1861 848 1892 4,
891 1850 1041 1891 XXIX,
1088 1861 1138 1891 10,
1181 1861 1218 1891 2;
1264 1850 1412 1890 XXIX,
1458 1860 1549 1891 Ι3,3;
1594 1849 1760 1889 XXXV,
1803 1849 1834 1889 6,
1876 1859 1913 1890 4;

144 1908 274 1947 XLII,
295 1907 349 1948 26,
375 1918 407 1945 1:
432 1908 561 1947 XLII,
584 1907 637 1944 28,
663 1918 694 1947 1;
719 1907 846 1946 XLII,
869 1917 923 1948 33,
945 1907 981 1947 6;
1005 1906 1126 1947 XLV,
1152 1917 1203 1948 14,
1225 1917 1255 1948 4.

254 1964 548 1997 verecundiae:
581 1964 656 2003 ΙΙΙ,
686 1963 740 2003 62,
770 1973 808 2004 9:
839 1962 1097 1997 verecundiae
1129 1968 1211 1997 erat
1244 1962 1414 2004 equitem
1448 1973 1517 1996 suo
1549 1961 1752 2003 alienoque
1786 1962 1914 1995 Marte

143 2031 328 2062 pugnare,
353 2019 524 2061 peditem
550 2031 596 2053 ne
621 2019 669 2053 ad
694 2019 812 2060 pedes
838 2018 994 2060 quidem
1020 2019 1208 2060 degresso
1235 2018 1353 2060 equiti
1379 2029 1512 2060 parem
1538 2029 1633 2051 esse.

254 2074 330 2109 Inf.
350 2074 495 2108 nudus:
518 2075 592 2114 ΙΙΙ,
613 2084 666 2115 70,
690 2084 746 2116 15:
767 2074 1023 2109 verecundiae
1045 2074 1117 2109 fuit
1137 2086 1207 2116 pro
1228 2080 1338 2116 parte
1359 2073 1517 2108 dimidia
1538 2084 1667 2107 rerum
1687 2071 1913 2107 consulibus

143 2137 276 2173 petere
306 2130 563 2173 triumphum:
597 2130 663 2170 IX,
694 2130 747 2170 26,
782 2139 838 2171 17:
868 2129 1030 2172 privatis
1061 2129 1296 2164 dictatorem
1326 2140 1489 2171 poscere
1519 2140 1628 2163 reum
1657 2126 1914 2162 verecundiae

142 2198 222 2221 non
244 2185 326 2220 fuit.

549 2252 597 2289 Β.
657 2252 831 2290 Nomen
860 2251 1158 2291 adieetivum.
1192 2254 1311 2302 (gen.
1344 2252 1514 2299 neutr.)

252 2342 387 2394 Apud
412 2343 692 2393 Draegerum
718 2342 881 2382 desunt
904 2342 1013 2382 haec
1039 2342 1281 2382 adiectiva:
1308 2340 1566 2387 absurdum,
1592 2339 1910 2385 admirabilius,

142 2409 418 2461 ambiguum,
446 2416 630 2461 aptum,
672 2409 833 2460 aptius,
876 2409 1017 2452 civile,
1060 2408 1345 2455 conveniens,
1388 2407 1623 2451 efficacius,
1667 2406 1910 2456 egregium,

141 2475 430 2528 flagitiosum,
464 2476 675 2527 positum,
708 2476 1000 2527 praeclarum,
1036 2475 1309 2526 religiosum,
1343 2474 1534 2519 salubre,
1569 2472 1725 2517 simile,
1760 2484 1909 2522 super-

141 2542 262 2590 bum,
288 2549 430 2594 turpe,
456 2549 617 2585 tutum,
642 2542 796 2585 tutius.
821 2542 983 2585 verius,
1009 2542 1130 2585 utile,
1156 2555 1268 2592 quae
1295 2540 1445 2580 omnia
1470 2539 1569 2579 vide
1597 2538 1723 2577 infra.

776 2665 813 2691 a.
845 2650 1011 2702 gradus
1039 2650 1272 2702 positivus.

254 2750 498 2784 absurdum:
529 2748 741 2789 XXXVII,
770 2757 825 2790 52.
857 2758 912 2782 10:
942 2754 983 2782 ut
1013 2748 1225 2782 absurdum
1255 2758 1339 2780 esse
1370 2746 1526 2784 diceret,
1556 2744 1737 2786 ignorare
1768 2753 1911 2784 regem,

145 2805 236 2848 quid
261 2817 422 2847 sperans
447 2810 512 2839 aut
535 2810 672 2846 petens
696 2803 857 2838 venerit.

255 2870 448 2902 aequum:
471 2859 567 2894 locis
589 2860 675 2901 plus
698 2858 903 2900 sexaginta
924 2857 1129 2892 invenitur.

1018 2942 1037 2973 9
