2174 3220
194 135 573 198 Epexegetiee
607 134 808 183 exstat
841 146 959 182 acc.
994 145 1130 181 cum
1170 132 1260 181 inf.
1286 133 1433 182 coni.
1457 134 1547 183 vel
1586 135 1975 195 appositionis

389 212 668 273 fungitur
701 209 911 260 officio,

739 356 790 392 A.
848 351 1022 390 Nomen
1054 351 1424 390 substantivum.

191 475 230 502 a.
293 464 467 501 Nomen
497 463 804 500 abstractum.

203 565 236 594 1.
268 565 349 605 pro
379 552 517 593 verbo
549 551 788 592 transitivo
819 551 966 592 activo
998 557 1241 602 usurpatur
1273 563 1435 591 nomen
1471 563 1570 591 curn
1604 551 1742 591 verbo
1775 551 1970 602 quodam

200 620 469 672 copu1ativ0.

310 707 622 746 argumentum:
651 704 725 744 ΙΙΙ,
750 711 805 745 55,
831 712 869 744 9:
896 702 1062 737 aedilem
1087 701 1224 744 prendi
1253 701 1417 743 ducique
1445 713 1466 736 a
1492 700 1706 736 maioribus
1735 701 1972 744 magistrati-

200 762 271 796 bus
287 789 294 796 .
311 789 317 795 .
334 789 340 795 .
357 789 363 795 .
381 768 512 795 tamen
533 766 810 802 argumentum
833 770 918 793 esse
942 771 1019 793 non
1043 758 1175 792 haberi
1198 770 1269 800 pro
1295 764 1546 792 sacrosancto
1571 757 1753 798 aedilem3
1780 758 1973 798 XXXIII,

200 827 254 858 20,
279 817 316 852 8:
343 818 615 852 Romanorum
640 814 852 850 amicitiam
880 826 918 849 se
945 826 1023 848 non
1048 813 1286 848 violaturum
1313 820 1546 855 argumento
1575 820 1611 848 et
1640 825 1749 847 suam
1776 820 1973 848 recentem

201 874 248 908 ad
273 884 340 908 eos
365 871 604 914 legationem
630 882 715 905 esse
741 877 778 905 et
804 877 962 904 senatus
986 870 1024 904 in
1049 881 1088 904 se
1113 869 1331 904 honorifica
1355 870 1512 904 decreta
1537 880 1820 911 responsaque3
1849 869 1972 910 XXV,

199 940 230 971 9,
251 938 287 970 7:
306 935 348 963 ut
364 956 370 962 .
387 956 393 962 .
411 956 416 962 .
434 956 440 962 .
456 939 527 970 pro
548 933 781 969 argumento
803 926 920 960 fuerit
940 925 1005 960 illa
1025 925 1273 967 procursatio
1297 925 1555 959 Numidarum
1579 925 1842 959 Hannibalem
1865 936 1973 958 exer-

201 985 398 1027 citumque
420 996 439 1019 e
460 983 599 1019 castris
620 995 698 1018 non
719 982 908 1023 movisse;
930 981 1077 1023 XXVI,
1096 991 1151 1023 31,
1172 981 1209 1016 6:
1230 981 1314 1023 ipsa
1335 981 1534 1015 humilitas
1557 992 1714 1015 eorum.
1731 1009 1737 1015 .
1754 1009 1760 1015 .
1778 1010 1783 1015 .
1800 981 1972 1016 maximo

201 1046 435 1082 argumento
458 1046 516 1074 est
539 1051 600 1073 me
621 1038 841 1073 neminem.
859 1066 864 1072 .
882 1066 887 1072 .
905 1066 910 1072 .
928 1045 1151 1072 aversatum
1175 1049 1271 1072 esse.

310 1094 491 1130 absolute
516 1095 637 1135 XLV,
662 1105 717 1136 42,
744 1103 772 1135 7.

311 1152 490 1186 crimen:
514 1151 541 1191 I,
563 1160 595 1193 5,
616 1161 654 1192 4:
678 1149 830 1185 crimini
854 1149 1023 1184 maxime
1046 1150 1191 1184 dabant
1215 1149 1253 1183 in
1278 1148 1498 1183 Numitoris
1523 1160 1639 1190 agros
1665 1149 1711 1183 ab
1736 1148 1781 1183 iis
1805 1148 1973 1191 impetus

202 1208 294 1243 fieri

313 1263 624 1297 documentum:
654 1261 779 1302 XXV,
808 1261 863 1303 38,
890 1271 928 1303 9:
959 1262 1240 1296 documentum
1270 1260 1432 1295 dedistis
1462 1260 1641 1295 hostibus
1671 1272 1749 1295 non
1778 1272 1865 1295 cum
1896 1260 1974 1296 Sci-

201 1318 383 1362 pionibus
409 1318 648 1353 exstinctum
673 1329 758 1353 esse
783 1329 927 1353 nomen
954 1318 1184 1352 Romanum.

311 1374 493 1409 absolute
517 1373 713 1414 XXVIII,
743 1373 793 1413 16,
821 1383 871 1407 12.

312 1431 593 1472 exspectatio:
628 1429 817 1469 XXXVI,
850 1439 905 1471 29,
939 1439 975 1470 3:
1011 1428 1186 1470 implevit
1221 1428 1516 1470 exspectatione
1551 1440 1650 1462 vana
1686 1427 1977 1462 multitudinem

203 1487 341 1529 ingens
364 1486 490 1529 parari
512 1486 668 1520 bellum.

313 1543 446 1577 fama:
474 1542 544 1583 IX,
569 1541 624 1583 38,
649 1552 686 1583 4:
713 1548 793 1575 tam
819 1541 962 1575 laetam
988 1540 1134 1575 famam
1159 1540 1197 1574 in
1226 1539 1427 1575 Samnium
1454 1540 1500 1574 ad
1528 1540 1663 1574 hostes
1690 1539 1833 1574 tulerat
1858 1538 1977 1574 inter-

203 1599 354 1634 clusum
375 1600 598 1633 Romanum
619 1597 834 1632 exercitum
855 1596 1038 1631 obsideri.

314 1655 436 1690 fides:
472 1654 540 1695 VI,
580 1663 631 1696 13,
668 1662 703 1695 7:
741 1652 950 1687 manifesta
987 1652 1084 1687 fides
1120 1651 1274 1694 publica
1312 1663 1385 1693 ope
1422 1651 1593 1686 Volscos
1630 1652 1765 1686 hostes
1804 1651 1977 1691 adiutos;

205 1709 312 1751 XXI,
338 1720 388 1752 13,
411 1720 447 1752 3:
470 1716 601 1744 vestra
623 1716 753 1744 autem
775 1721 890 1743 causa
912 1721 972 1743 me
995 1721 1065 1743 nec
1088 1708 1203 1742 ullius
1226 1708 1385 1742 alterius
1410 1707 1514 1749 loqui
1537 1708 1597 1741 vel
1620 1719 1663 1742 ea
1685 1707 1780 1741 fides
1804 1707 1863 1741 sit.

313 1766 431 1802 fidem
455 1765 577 1800 facio:
602 1765 724 1806 XXV,
750 1765 780 1806 8,
806 1765 842 1806 63
868 1771 909 1799 ut
935 1764 1052 1799 fidem
1076 1764 1330 1806 popularibus
1357 1764 1531 1798 facerent
1557 1763 1769 1805 praedandi
1796 1775 1910 1797 causa
1937 1774 1983 1797 se·

204 1823 299 1857 urbe
331 1833 531 1865 egressos;
563 1821 689 1863 XXV,
720 1821 775 1863 38,
807 1831 843 1861 2;
878 1820 1051 1861 *XXVL
1087 1830 1138 1862 19,
1170 1819 1207 1861 63
1241 1819 1437 1859 XXXIII,
1470 1819 1525 1859 28,
1556 1819 1593 1859 8;
1628 1818 1822 1859 XXXIII,
1853 1829 1907 1859 21,
1938 1829 1975 1860 9;

204 1878 434 1919 XXXVIII,
456 1877 510 1920 58,
531 1886 561 1919 7.

314 1934 433 1968 fidem
462 1933 532 1968 do:
564 1933 591 1974 I,
622 1932 676 1975 58,
709 1942 744 1974 7:
778 1932 867 1967 date
900 1933 1082 1966 dexteras
1115 1931 1308 1973 fidemque
1341 1931 1442 1965 haud
1474 1931 1631 1973 impune
1663 1930 1841 1965 adultero
1875 1930 1975 1970 fore;

205 1990 298 2031 XII,
329 1990 360 2030 6,
395 2000 451 2023 11:
484 1989 600 2023 fidem
631 1989 747 2023 dante
781 1988 1031 2022 Maharbale.
1049 2015 1054 2021 .
1072 2015 1078 2021 .
1095 2015 1113 2027 .,
1131 1987 1161 2021 si
1194 1998 1302 2022 arma
1332 1986 1597 2026 tradidissent,
1630 1985 1758 2020 abire.
1775 2014 1781 2020 .
1798 2014 1804 2020 .
1821 2013 1827 2020 .
1843 1997 1980 2028 passu-

205 2057 306 2087 rum,
336 2045 491 2086 XXIII,
515 2055 548 2087 9,
572 2055 610 2087 9;
638 2043 763 2084 XXV,
788 2053 843 2085 23,
868 2054 905 2085 4,
935 2043 1124 2084 XXXIX,
1155 2053 1205 2083 10,
1232 2053 1269 2085 9;
1298 2043 1379 2083 XL,
1406 2042 1451 2084 46
1476 2050 1546 2084 ,152
1575 2043 1756 2077 dexteras
1785 2041 1977 2083 fidemque

205 2102 347 2137 dedere
376 2101 576 2136 remittere
606 2112 697 2135 vere
728 2112 770 2135 ac
802 2099 912 2135 finire
941 2098 1085 2134 odium.
1142 2099 1232 2134 Hoc
1262 2099 1350 2134 loco
1381 2100 1527 2133 nudum
1558 2105 1712 2133 exstare
1742 2096 1981 2132 infinitivum

205 2157 391 2198 intellexi,
415 2157 514 2192 sicut
535 2155 682 2197 XXIV,
703 2164 759 2198 45,
780 2165 817 2198 3;
842 2167 986 2190 novam
1007 2155 1155 2189 referre
1178 2153 1444 2197 proditionem
1467 2153 1708 2196 polliceatur.

315 2212 433 2247 fidem
461 2211 630 2255 accipiet
660 2211 831 2252 XXVII,
863 2211 916 2253 16,
949 2221 1005 2245 12:
1036 2210 1153 2245 fidem
1182 2211 1229 2245 ab
1259 2210 1420 2245 consule
1452 2216 1682 2252 accepturos
1713 2208 1903 2251 impunita
1932 2208 1978 2242 iis

205 2269 336 2312 priora
360 2269 456 2303 fore.

316 2324 487 2359 fiducia:
519 2322 708 2364 XXXVI,
739 2332 770 2364 7,
804 2332 861 2357 11:
893 2333 989 2365 quae
1021 2321 1140 2364 igitur
1171 2333 1232 2356 res
1263 2321 1357 2356 mihi
1389 2320 1570 2356 fiduciam
1602 2321 1762 2363 praebet
1794 2319 1979 2361 coniungi

206 2381 320 2416 nobis
346 2380 570 2423 Philippum
594 2380 735 2422 posse?

317 2436 536 2471 indicium:
562 2436 637 2476 III,
661 2435 692 2476 6,
717 2444 754 2477 5:
780 2434 1007 2476 infrequens
1034 2440 1192 2468 senatus
1217 2433 1360 2468 indicio
1387 2439 1469 2468 erat
1496 2432 1612 2467 sociis
1637 2431 1820 2467 afflictam
1846 2430 1978 2466 civita-

206 2499 286 2528 tem
308 2491 532 2536 pestilentia
554 2502 656 2532 esse;
681 2490 870 2531 XXXIX,
892 2499 947 2532 54,
968 2489 1005 2525 6:
1029 2490 1133 2532 quod
1156 2489 1343 2524 indicium
1368 2495 1471 2524 esset
1495 2500 1565 2523 nec
1589 2499 1684 2530 agro
1709 2499 1778 2522 nec
1801 2486 1886 2521 urbi
1910 2486 1977 2521 ulli

206 2548 285 2584 vim
310 2549 498 2584 allaturos
523 2546 688 2582 venisse.

317 2603 627 2638 iusiurandum:
665 2601 819 2644 saepius
854 2607 1065 2644 usurpatur
1102 2602 1176 2637 hoc
1213 2612 1358 2636 nomen
1394 2600 1432 2635 in
1469 2599 1667 2635 locutione
1705 2598 1976 2633 “iureiurando

207 2659 399 2702 adigere.’'
431 2659 484 2700 II,
516 2669 544 2700 1,
573 2669 611 2701 9:
642 2657 1188 2701 populum....iureiurando
1220 2656 1351 2698 adegit
1383 2655 1579 2691 neminem
1611 2657 1760 2690 Romae
1790 2664 1983 2696 passuros*

206 2725 388 2758 regnare;
411 2715 458 2756 X,
478 2714 534 2756 38,
553 2725 590 2757 9;
613 2714 720 2755 ΧΧΙ,
744 2724 772 2755 1,
792 2724 830 2756 4;
852 2713 1003 2755 XXIV,
1027 2713 1078 2754 16,
1103 2723 1159 2755 13;
1181 2712 1326 2753 XXVI,
1346 2721 1401 2754 27,
1427 2720 1482 2753 15;
1506 2710 1672 2751 XXVII,
1693 2709 1748 2751 38,
1770 2717 1806 2751 5;
1830 2708 1977 2749 XXXI,

209 2779 261 2812 17,
280 2780 318 2813 9;
341 2770 507 2811 XXXV,
533 2780 583 2812 19,
602 2779 639 2812 3;
662 2770 744 2810 XL,
764 2780 819 2811 41,
840 2769 871 2804 8.

317 2825 585 2860 iusiurandum
616 2825 727 2860 dare:
758 2825 875 2866 VIII,
906 2834 961 2866 32,
997 2825 1053 2859 18:
1088 2836 1127 2859 se
1161 2824 1430 2858 iusiurandum
1463 2823 1554 2857 dare
1586 2828 1744 2864 paratos
1778 2832 1863 2855 esse
1897 2831 1976 2855 non

204 2880 325 2916 videri
347 2893 366 2916 e
385 2893 426 2916 re
444 2880 599 2924 publica
618 2880 656 2915 in
677 2880 724 2922 Q.
747 2880 909 2915 Fabium
931 2892 976 2915 eo
996 2886 1175 2922 tempore
1196 2877 1470 2919 animadverti;
1492 2877 1577 2918 XL,
1597 2886 1651 2918 29,
1674 2886 1730 2917 12;
1752 2875 1856 2916 XLI,
1874 2885 1906 2917 9,
1925 2884 1982 2909 11,

1069 2969 1110 3001 43
