2174 3220
367 171 524 204 mInae:
547 168 613 210 IV,
634 168 689 210 38,
710 168 747 203 8:
771 167 920 203 addidit
941 167 1066 202 minas
1083 195 1089 201 .
1105 195 1112 202 .
1129 195 1136 201 .
1153 195 1159 201 .
1176 173 1424 203 sacramento
1447 179 1584 203 omnes
1609 168 1780 204 iuniores
1803 171 2032 206 adacturum

253 226 550 267 exercitumque
576 224 774 266 extemplo
801 236 848 258 ex
872 223 967 258 urbe
993 223 1235 258 educturum.

367 284 700 315 monumentum:
727 280 755 320 I,
783 289 834 320 12,
857 279 895 314 6:
921 279 1025 321 quod
1049 286 1350 314 monumentum
1377 278 1426 314 sit
1449 279 1620 321 posteris
1645 287 1711 315 tua
1736 282 1933 323 praesenti
1957 294 2032 325 ope

254 344 452 372 servatam
474 337 611 371 urbem
633 347 735 376 esse;
760 336 812 376 II,
834 345 888 376 33,
909 345 947 377 9:
970 334 1044 369 nisi
1066 334 1206 369 foedus
1223 363 1228 368 .
1246 363 1252 369 .
1269 363 1274 368 .
1292 362 1298 368 .
1315 334 1554 377 insculptum
1576 342 1834 372 monumento
1859 344 1963 372 esset
1984 338 2032 372 ab

256 393 319 435 Sp.
353 392 490 428 Cassio
521 391 846 431 uno....ictum;
879 390 946 431 IV,
977 399 1008 432 7,
1042 401 1076 425 1:
1132 390 1247 432 idque
1279 391 1525 425 monumenti
1557 398 1617 425 est
1649 392 1832 427 consules
1863 404 1932 428 eos
1965 393 2031 428 illo

252 461 358 483 anno
383 448 515 482 fuisse.

366 504 623 546 prodigium:
647 502 792 543 XLIV,
814 511 868 544 37,
892 511 928 544 7:
952 502 1005 537 ita
1026 514 1074 537 ne
1097 501 1299 537 obscurari
1324 502 1480 544 quidem
1507 502 1677 544 (lunam)
1705 503 1860 538 trahere
1882 503 1921 538 in
1943 515 2033 547 pro-

250 560 403 603 digium
427 561 580 594 debere.

366 616 535 657 religio:
559 615 606 653 V,
631 625 682 656 14,
705 625 741 649 2:
765 615 803 648 in
827 613 1060 656 religionem
1083 620 1283 648 vertentes
1306 614 1465 648 comitia
1488 613 1646 649 biennio
1670 614 1819 655 habita;
1844 614 1892 655 V,
1915 624 1970 656 23,
1993 615 2030 649 6:

256 672 362 708 Iovis
394 671 574 713 Solisque
605 671 713 713 equis
742 670 1038 712 aequiperatum
1068 669 1304 704 dictatorem
1334 669 1373 704 in
1402 669 1635 711 religionem
1665 670 1782 705 etiam
1813 670 2031 705 trahebant.

366 738 528 762 rumor:
548 727 641 767 VII,
662 726 715 768 38,
735 736 772 768 9:
794 737 994 760 rumorem
1014 724 1179 768 dissipat
1199 725 1237 760 in
1257 725 1396 760 iisdem
1416 725 1572 768 oppidis
1593 732 1631 760 et
1651 737 1754 761 anno
1775 732 1866 768 post
1887 727 2032 769 praesi-

249 785 316 820 dia
342 785 605 819 hibernatura.

365 841 546 882 species:
590 839 775 879 XXXVI,
817 847 847 880 7,
890 849 950 872 20:
995 838 1166 880 speciem
1210 838 1400 873 Romanis
1444 838 1699 873 traiecturum
1741 846 1778 874 te
1822 840 2031 881 praebens;

255 897 444 937 XXXVI,
481 906 531 936 10,
567 906 623 930 11:
658 894 829 937 speciem
864 906 979 937 quam
1013 894 1234 941 quaesierat
1266 894 1370 929 hosti
1405 894 1498 929 fecit
1530 906 1690 929 omnem
1723 895 1774 930 ibi
1810 898 2032 931 Romanurn

248 953 470 988 exercitum
492 963 581 986 cum
604 963 696 993 rege
720 950 903 993 Philippo
927 962 1023 985 esse.

366 1008 489 1043 Extra
515 1007 657 1042 librum
684 1006 859 1041 XXXVI
886 1007 1037 1041 nullum
1061 1005 1175 1041 huius
1202 1006 1309 1041 modi
1336 1006 1548 1041 locutionis
1574 1006 1770 1041 invenitur
1797 1006 2031 1048 exemplum.

364 1074 480 1106 spes:
505 1074 615 1105 spem
637 1063 788 1097 adimo:
812 1063 895 1102 XL,
919 1062 974 1103 26,
998 1073 1035 1096 2:
1061 1063 1274 1097 Marcellus
1290 1091 1297 1096 .
1313 1090 1319 1096 .
1337 1091 1343 1096 .
1360 1090 1366 1096 .
1384 1074 1493 1105 spem
1518 1062 1663 1097 ademit
1689 1074 1798 1097 eum.
1816 1091 1822 1096 .
1839 1091 1845 1096 .
1863 1091 1869 1096 .
1887 1062 2033 1097 exerci-

252 1128 336 1156 tum
365 1120 402 1154 in
432 1119 598 1162 Ligures
628 1130 746 1161 posse
775 1118 936 1153 traduci.

364 1186 475 1219 spem
503 1175 646 1210 affero:
676 1174 888 1215 XXXVII,
916 1184 971 1216 34,
1001 1185 1037 1209 2:
1067 1185 1183 1217 quam
1212 1173 1502 1217 impetrabilem
1530 1174 1616 1210 fore
1644 1186 1829 1217 magnam
1859 1175 1892 1210 ei
1922 1186 2032 1218 spem

248 1233 383 1268 attulit
409 1243 520 1267 mora
547 1238 584 1266 et
611 1230 810 1266 cunctatio
839 1232 1121 1265 Romanorum.

364 1298 474 1331 spem
502 1286 632 1330 capio:
661 1286 784 1327 XXV,
816 1297 868 1327 11,
894 1296 932 1328 9:
963 1297 1072 1329 spem
1101 1285 1204 1328 cepit
1232 1285 1351 1320 etiam
1380 1297 1510 1321 arcem
1539 1286 1755 1329 expugnari
1784 1298 1919 1330 posse;
1950 1287 2032 1328 XL,

251 1354 306 1387 23,
328 1355 365 1379 2:
389 1356 457 1386 per
479 1343 589 1378 cuius
612 1342 856 1385 provinciam
882 1354 992 1384 spem
1014 1348 1172 1385 ceperat
1197 1341 1296 1377 elabi
1320 1348 1406 1377 tuto
1430 1353 1565 1385 posse;
1590 1342 1734 1384 XLIV,
1757 1351 1813 1385 35,
1840 1353 1897 1378 11:
1922 1354 2033 1386 spem

246 1399 423 1443 cepit...
441 1398 562 1433 ‚deici
586 1398 781 1441 praesidia
803 1409 932 1441 posse.

363 1465 474 1498 spem
496 1455 566 1490 do:
590 1456 618 1495 I,
641 1464 672 1497 4,
693 1465 731 1497 4:
755 1466 873 1497 posse
897 1453 1074 1496 quamvis
1098 1453 1282 1496 languida
1306 1453 1430 1496 mergi
1454 1465 1552 1496 aqua
1576 1454 1746 1489 infantes
1771 1467 1881 1497 spem
1905 1454 2032 1490 feren-

251 1512 356 1547 tibus
378 1512 512 1552 dabat;
536 1510 684 1551 XXVI,
705 1519 760 1552 45,
782 1519 820 1552 5:
844 1510 948 1552 quod
969 1521 1080 1552 spem
1095 1538 1102 1544 .
1119 1538 1125 1544 .
1142 1538 1148 1544 .
1165 1538 1171 1544 .
1188 1510 1296 1544 dedit
1319 1509 1435 1544 scalis
1456 1517 1493 1545 et
1516 1522 1664 1545 corona
1686 1511 1770 1553 capi
1792 1511 1930 1545 urbem
1952 1523 2032 1546 non

252 1580 380 1611 posse,
403 1579 524 1610 opera
545 1573 582 1601 et
605 1566 775 1601 difficilia
799 1578 885 1600 esse
908 1573 945 1600 et
968 1572 1123 1608 tempus
1148 1566 1286 1601 datura
1310 1567 1357 1601 ad
1381 1566 1584 1601 ferendam
1607 1578 1733 1609 opem.

362 1635 473 1668 spem
494 1623 615 1658 facio:
638 1622 785 1663 XLIV,
807 1631 838 1663 7,
863 1632 919 1656 10:
943 1621 1095 1656 consuli
1117 1628 1329 1665 postquam
1351 1634 1398 1656 ex
1421 1623 1501 1657 alto
1524 1629 1737 1665 conspecta
1761 1623 1898 1658 classis
1921 1634 2032 1665 spem

247 1679 344 1715 fecit
364 1691 452 1714 cum
474 1684 697 1714 commeatu
717 1689 837 1713 naves
857 1677 1001 1713 venire.

362 1745 472 1777 spem
500 1734 646 1769 habeo:
676 1734 726 1775 ΙΙ,
759 1744 809 1774 12,
841 1744 875 1768 1:
907 1734 1079 1769 sedendo
1110 1740 1427 1776 expugnaturum
1458 1746 1498 1768 se
1526 1734 1664 1769 urbem
1696 1746 1805 1776 spem
1836 1735 2030 1770 Porsinna

248 1791 430 1825 habebat

361 1857 472 1889 spem
499 1845 647 1880 incido:
675 1845 819 1885 XLIV,
851 1855 901 1887 13,
930 1855 966 1888 3:
997 1857 1107 1888 spem
1135 1846 1334 1888 extemplo
1363 1845 1584 1881 inciderunt
1613 1846 1698 1889 capi
1727 1846 1854 1888 primo
1881 1846 2029 1890 impetu

248 1915 367 1946 posse
398 1902 581 1943 (locum).

361 1968 471 2000 spem
498 1957 687 2000 praebeo:
713 1957 842 1997 XXII,
868 1957 923 1999 36,
949 1966 987 2000 5:
1014 1957 1102 1999 quia
1129 1969 1239 2000 spem
1266 1969 1383 2000 posse
1409 1957 1511 1992 vinci
1539 1958 1696 1993 hostem
1723 1958 1893 1994 dictator
1920 1971 2030 2002 prae-

247 2015 396 2050 buerat.

361 2079 471 2111 spem
494 2068 720 2103 nanciscor:
744 2068 877 2109 XXII,
900 2079 955 2111 44,
978 2079 1016 2111 4:
1041 2080 1151 2111 spem
1175 2075 1363 2104 nanctus.
1381 2069 1626 2105 ...facturos
1651 2070 1805 2112 copiam
1829 2071 2029 2113 pugnandi

250 2126 449 2163 consules:
475 2125 647 2165 XXVII,
673 2134 723 2166 15,
750 2135 806 2165 10;
831 2125 1021 2165 XXXIII,
1044 2134 1075 2167 5,
1102 2135 1134 2165 1;
1159 2125 1325 2165 XXXV,
1349 2135 1403 2166 27,
1429 2136 1455 2160 1.

361 2181 445 2223 spei
475 2180 640 2223 impleo:
673 2180 862 2220 XXXVI,
899 2191 949 2221 12,
986 2191 1041 2215 10:
1077 2180 1253 2223 implevit
1288 2181 1369 2224 spei
1404 2181 1534 2217 socios
1567 2183 1620 2216 M.
1655 2182 2028 2218 Acilium....mare

248 2237 450 2272 traiecisse
474 2244 509 2271 et
533 2236 570 2270 in
592 2236 798 2270 Thessalia
820 2243 948 2270 castra
972 2238 1151 2271 Romana
1173 2248 1269 2271 esse.

360 2290 398 2324 in
422 2301 490 2333 spe
513 2301 618 2325 sum:
642 2291 805 2332 XXXV,
832 2302 883 2332 12,
907 2302 943 2326 2:
967 2291 1095 2333 primo
1119 2292 1156 2326 in
1182 2304 1248 2334 spe
1272 2293 1427 2327 fuerant
1451 2300 1488 2328 et
1512 2293 1755 2328 Antiochum
1778 2294 1817 2328 in
1840 2306 2027 2329 vacauam

250 2346 432 2388 Europae
484 2347 780 2389 possessionem
831 2354 1040 2382 venturum
1092 2360 1162 2383 nec
1217 2348 1441 2390 Philippum
1492 2355 1558 2384 aut
1611 2349 1754 2384 Nabim
1807 2350 2025 2392 quieturos,

247 2402 460 2445 XXXVII,
488 2403 542 2443 28,
569 2403 606 2438 6:
634 2403 760 2445 primo
788 2403 826 2437 in
852 2415 996 2445 magna
1023 2415 1090 2446 spe
1117 2403 1201 2444 fuit,
1229 2416 1344 2446 quem
1371 2406 1418 2440 ad
1446 2406 1607 2440 modum
1636 2406 1832 2441 Rhodiam
1859 2407 2026 2442 classem

342 2466 618 2501 expugnasset,
648 2459 699 2494 sic
729 2466 766 2493 et
794 2461 1015 2494 Romanam
1042 2466 1368 2501 expugnaturum.

358 2515 521 2557 propius
545 2525 655 2558 spem
678 2515 812 2549 venio:
837 2515 983 2555 XXVI,
1006 2524 1061 2557 37,
1085 2516 1123 2550 8:
1148 2527 1224 2558 quo
1248 2516 1410 2559 propius
1437 2528 1546 2559 spem
1571 2524 1781 2552 venerant.
1799 2547 1804 2552 .
1822 2519 2025 2554 ..debella-

247 2577 330 2605 tum
350 2570 401 2605 ibi
421 2582 463 2605 ac
484 2571 619 2612 pulsos
640 2571 729 2605 inde
750 2572 953 2606 Romanos
974 2583 1070 2606 esse.

357 2627 506 2661 timor:
534 2627 706 2667 XXXII,
731 2627 786 2667 26,
818 2627 873 2662 16:
901 2627 939 2661 in
966 2627 1108 2662 timore
1134 2627 1272 2662 civitas
1300 2627 1373 2662 fuit
1401 2628 1560 2663 obsides
1589 2629 1843 2672 captivosque
1872 2630 2025 2665 Poeno-

247 2693 333 2716 rum
355 2694 398 2716 ea
422 2682 561 2717 moliri.

358 2741 520 2772 votum:
546 2739 648 2778 XLI,
672 2749 725 2778 21,
754 2749 809 2772 11:
835 2739 1002 2781 populus
1027 2739 1065 2773 in
1090 2739 1178 2774 foro
1202 2746 1338 2774 votum
1363 2740 1588 2782 concepit..
1606 2740 1813 2775 ..biduum
1838 2741 1956 2776 ferias
1982 2754 2024 2777 ac

248 2793 575 2835 supplicationem
604 2806 643 2828 se
671 2794 906 2828 habitururn.

358 2859 457 2883 vox:
494 2849 543 2889 II,
576 2859 631 2890 40,
668 2860 724 2884 11:
759 2850 925 2884 refert..
943 2851 1089 2885 ..hanc
1124 2862 1238 2893 saepe
1273 2862 1361 2885 eum
1378 2879 1383 2885 .
1401 2879 1406 2885 .
1424 2879 1429 2885 .
1447 2879 1453 2885 .
1470 2862 1680 2893 usurpasse
1714 2863 1863 2893 vocem,
1899 2853 2022 2887 multo

246 2903 427 2939 miserius
454 2904 557 2939 senis
584 2905 765 2940 exsilium
791 2917 888 2941 esse.

1111 2995 1153 3025 44
