2070 3256
225 149 498 184 invidiosum:
537 147 612 189 III,
647 157 679 189 9,
718 156 776 181 12:
813 145 1051 180 invidiosum
1086 144 1199 180 vobis
1238 151 1296 180 est
1333 146 1531 180 desertam
1567 157 1650 180 rem
1686 145 1883 189 publicam

112 205 253 240 invadi.

224 260 510 302 magnificum:
541 257 736 299 XXVIII,
770 257 821 299 18,
855 267 888 292 1:
919 256 1249 299 magnificumque
1277 256 1316 291 id
1347 256 1516 299 Syphaci
1545 256 1684 298 visum,
1717 258 1884 292 duorum

114 315 506 359 opulentissimorum
531 326 575 349 ea
600 320 835 356 tempestate
860 314 978 347 duces
1003 313 1240 355 populorum
1263 324 1342 347 uno
1369 312 1430 347 die
1456 324 1565 347 suam
1591 323 1727 355 pacem
1752 313 1883 348 amici-

114 371 285 414 tiamque
313 377 492 413 petentes
519 369 685 404 venisse.

225 427 516 461 manifestum:
555 425 712 466 XYIII,
749 434 781 465 2,
820 434 857 466 3:
898 423 1349 459 cum....manifestum
1388 430 1518 458 autem
1557 430 1661 459 esset
1700 424 1885 466 pecunias

114 488 259 525 captas.

224 541 455 572 maturum:
485 537 532 578 V,
561 536 617 578 46,
646 545 683 578 5:
715 542 912 570 maturum
940 534 1018 569 iam
1047 534 1253 569 videbatur
1284 534 1407 576 repeti
1437 534 1604 577 patriam
1634 534 1807 577 eripique
1839 547 1885 570 ex

114 594 288 629 hostium
315 593 505 627 manibus.

225 649 397 683 mirum:
428 649 457 688 Ι,
485 657 540 690 50,
569 657 606 689 3:
637 647 740 681 haud
770 646 912 680 mirum
942 657 1027 680 esse
1059 645 1234 688 Superbo
1265 645 1433 679 inditum
1464 646 1613 680 Romae
1645 656 1885 688 cognomen;

118 705 246 746 XXV,
285 704 317 746 8,
361 714 417 745 12;
459 703 608 743 XXVI,
647 712 680 743 2,
722 712 778 743 12;
821 701 971 742 XXXI,
1011 701 1066 742 38,
1108 710 1144 742 73
1185 700 1373 742 XXXIV,
1413 711 1445 742 4,
1489 710 1545 742 10;
1589 701 1712 742 XLV,
1756 711 1807 744 14,
1847 711 1885 743 3;

116 760 238 801 XLV,
266 770 321 801 34,
353 770 402 801 14.

225 815 438 850 mirabile:
464 814 531 855 IX,
559 822 610 855 15,
633 823 672 855 9:
696 812 734 848 id
758 812 884 855 magis
909 812 1086 846 mirabile
1111 818 1170 847 est
1195 811 1341 854 ambigi
1367 812 1561 846 Luciusne
1588 811 1816 847 Cornelius.
1834 838 1888 845 ...

116 884 181 907 eas
207 883 338 906 reS...
355 899 360 905 .
378 869 561 912 gesserit;
590 869 785 909 XXVIII,
815 879 866 909 12,
893 868 930 903 6:
958 869 1017 903 cui
1044 880 1123 903 non
1149 868 1327 902 videatur
1354 868 1531 903 mirabile
1560 868 1708 902 nullum
1736 874 1888 902 motum

115 928 154 962 in
181 926 319 962 castris
347 926 506 960 factum.

227 982 444 1016 miserum:
470 981 546 1022 III,
568 991 600 1022 9,
628 990 684 1015 12:
709 979 824 1015 nobis
848 979 1047 1020 miserum,
1072 979 1337 1014 inviodiosum
1361 979 1474 1014 vobis
1500 986 1558 1015 est
1584 980 1780 1014 desertam
1806 990 1889 1013 rem

115 1038 312 1081 publicam
347 1036 487 1071 invadi.

227 1093 529 1128 necessarium:
556 1092 639 1132 XL,
666 1101 720 1134 35,
746 1092 783 1126 6:
811 1092 914 1134 quod
941 1091 1034 1132 fieri,
1061 1098 1336 1133 praeterquam
1364 1092 1467 1133 quod
1493 1091 1547 1125 ita
1573 1092 1744 1132 deberet,
1772 1091 1889 1126 etiam

116 1161 238 1192 prope
269 1148 535 1184 necessarium
565 1159 661 1182 esse.

231 1213 418 1238 necesse:
454 1204 506 1243 II,
543 1213 594 1244 14,
627 1212 664 1237 2:
697 1202 807 1237 cuius
841 1201 1034 1244 originem
1068 1202 1190 1236 moris
1224 1214 1384 1236 necesse
1419 1210 1477 1236 est
1511 1208 1576 1237 aut
1610 1202 1710 1237 inter
1744 1202 1890 1236 bellurn

116 1267 248 1295 natam
272 1271 357 1294 esse
383 1271 507 1301 neque
533 1259 721 1293 omissam
746 1258 784 1292 in
808 1270 901 1300 pace
928 1265 993 1292 aut
1019 1270 1038 1292 a
1063 1258 1218 1292 mitiore
1244 1258 1415 1292 crevisse
1441 1258 1649 1300 principio;
1676 1259 1746 1300 VI,
1772 1269 1826 1301 34,
1857 1270 1888 1300 1;

117 1318 188 1359 VI,
213 1326 268 1359 37,
292 1327 330 1358 4;
357 1316 428 1356 VI,
454 1325 509 1357 40,
538 1314 594 1355 18,
621 1314 738 1355 VIII,
764 1323 796 1356 5,
823 1314 860 1355 6;
887 1313 1075 1354 XXXIV,
1101 1324 1133 1355 4,
1159 1314 1195 1354 8;
1225 1314 1308 1355 XL,
1338 1324 1389 1355 14,
1415 1314 1446 1348 6.

229 1380 463 1405 necessum:
485 1369 699 1410 *XXXIX,
719 1378 751 1412 5,
769 1379 807 1411 9;
828 1381 921 1403 num
942 1380 1057 1404 omne
1078 1369 1115 1404 id
1137 1381 1273 1404 aurum
1293 1369 1332 1404 in
1353 1370 1465 1404 ludos
1485 1369 1664 1404 consumi
1686 1380 1892 1404 necessum

119 1433 232 1461 esset.

229 1483 470 1516 obscurum:
497 1481 579 1521 XL,
606 1491 638 1522 3,
665 1491 702 1515 2:
731 1492 856 1522 neque
884 1481 1097 1515 obscurum
1126 1487 1207 1515 erat
1236 1481 1526 1521 rebellaturum‚
1556 1472 1765 1523 omniaque
1795 1492 1891 1523 quae

120 1545 211 1573 tunc
240 1544 374 1580 ageret
402 1549 447 1572 eo
479 1543 666 1579 spectare.

231 1603 326 1636 par:
349 1593 442 1633 VII,
463 1602 518 1634 31,
538 1602 575 1626 2:
599 1593 665 1626 sed
686 1591 740 1626 ita
760 1592 967 1627 vobiscum
988 1591 1201 1626 amicitiam
1222 1592 1373 1626 institui
1396 1603 1464 1634 par
1487 1598 1556 1626 est.

232 1649 434 1690 positum:
460 1647 651 1688 XXXVI,
674 1657 707 1689 9,
733 1658 790 1682 10:
814 1647 853 1681 in
876 1654 1017 1682 eventu
1043 1647 1123 1682 eius
1146 1647 1254 1682 urbis
1279 1647 1452 1689 positum
1476 1660 1608 1683 esse..
1624 1675 1631 1682 .
1647 1675 1654 1682 .
1671 1654 1736 1683 aut
1762 1647 1892 1691 sperni

122 1703 262 1738 deinde
290 1704 338 1738 ab
366 1703 549 1737 universa
578 1710 695 1745 gente
725 1703 1010 1738 Thessalorum
1038 1710 1104 1738 aut
1133 1703 1261 1738 timeri
1293 1715 1343 1738 se.

232 1759 471 1801 pulchrum:
507 1759 559 1799 II,
592 1759 623 1799 6,
656 1769 693 1800 4:
727 1759 934 1801 pulchrum
966 1758 1172 1793 videbatur
1207 1771 1298 1793 suos
1334 1761 1484 1794 Romae
1520 1771 1701 1801 regnare;
1736 1759 1894 1800 XXIII,

121 1824 152 1857 5,
175 1825 232 1857 14:
254 1815 461 1857 pulchrum
483 1814 566 1855 erit,
589 1814 789 1856 Campani,
812 1815 1085 1857 prolapsum..
1103 1814 1357 1857 ..imperium
1377 1825 1509 1850 vestra
1532 1815 1617 1856 fide,
1639 1815 1781 1850 vestris
1803 1815 1893 1849 viri-

121 1872 193 1905 bus
220 1876 417 1905 retentum
444 1881 487 1905 ac
515 1877 789 1912 recuperatum
815 1882 911 1905 esse.

233 1926 516 1968 praeclarum:
541 1925 608 1966 IV,
631 1925 686 1967 48,
713 1936 770 1967 14:
793 1927 1038 1968 praeclarum
1060 1926 1155 1969 ipsis
1178 1926 1444 1969 potestatique
1468 1938 1553 1961 esse
1578 1938 1657 1961 non
1680 1927 1728 1961 ad
1750 1938 1894 1961 vexan-

122 1984 215 2017 dum
239 1988 418 2016 senatum
442 1981 757 2023 discordiamque
781 1981 964 2016 ordinum
987 1983 1224 2017 movendam
1248 1983 1333 2025 plus
1358 1982 1396 2017 in
1421 1982 1620 2017 tribunatu
1643 1982 1784 2016 virium
1808 1993 1895 2017 esse

123 2050 239 2081 quam
267 2039 314 2072 ad
342 2037 606 2071 resistendum
633 2036 824 2079 improbis
852 2037 1026 2080 collegis.

235 2093 470 2136 probabile:
501 2093 554 2133 II,
586 2102 637 2134 13,
670 2103 726 2127 10:
758 2093 861 2135 quod
891 2099 929 2128 et
957 2093 1174 2135 virginitati
1204 2095 1391 2129 decorum
1421 2100 1458 2129 et
1485 2105 1682 2129 consensu
1713 2093 1897 2129 obsidum

123 2147 300 2189 ipsorum
341 2147 545 2190 probabile
587 2155 681 2188 erat,
724 2159 810 2183 eam
851 2155 1021 2183 aetatem
1063 2149 1300 2191 potissmum
1344 2149 1498 2184 liberari
1541 2151 1588 2184 ab
1631 2150 1756 2191 hoste,
1798 2161 1894 2192 quae

76 2235 86 2238 -
123 2203 293 2238 maxime
317 2210 541 2246 opportuna
566 2203 728 2238 iniuriae
755 2211 848 2239 erat.

233 2259 447 2293 relictum:
469 2259 586 2300 VIII,
607 2259 638 2300 6,
661 2269 697 2301 3:
721 2259 980 2302 ‚exanimatum
1104 2260 1198 2294 mihi
1222 2272 1374 2303 quoque
1398 2261 1436 2295 in
1460 2262 1608 2296 incerto
1634 2261 1812 2295 relictum
1836 2260 1896 2301 sit,

124 2314 314 2349 sicut....
344 2314 493 2357 ingenti
523 2315 681 2357 fragore
712 2316 806 2350 caeli
836 2317 1050 2358 procellam
1081 2317 1255 2351 effusam.

237 2371 500 2413 religiosum:
537 2372 613 2413 III,
648 2382 703 2412 22,
743 2382 775 2406 1:
812 2373 979 2407 lustrum
1014 2379 1175 2415 propter
1214 2372 1453 2415 Capitolium
1487 2379 1656 2415 captum,
1694 2373 1897 2407 consulem

125 2426 301 2461 occisum
326 2426 441 2461 condi
468 2427 698 2469 religiosum
723 2427 812 2469 fuit;
839 2428 886 2469 V,
911 2438 966 2470 40,
995 2438 1052 2463 10:
1079 2428 1310 2470 religiosum
1335 2435 1443 2463 ratus
1470 2429 1695 2463 sacerdotes
1720 2427 1896 2470 publicas

128 2492 314 2524 sacraque
348 2482 481 2525 populi
517 2482 685 2518 Romani
720 2483 884 2526 pedibus
917 2483 973 2518 ire
1008 2483 1179 2526 ferrique
1213 2496 1256 2519 ac
1292 2496 1384 2519 suos
1418 2484 1456 2518 in
1488 2483 1668 2518 vehiculo
1702 2482 1894 2525 conspici;

126 2536 174 2578 V,
204 2546 258 2579 52,
288 2537 325 2572 8:
356 2549 405 2572 an
436 2550 483 2573 ex
512 2538 686 2573 hostium
715 2539 877 2574 urbibus
909 2541 1078 2575 Romam
1109 2540 1156 2574 ad
1187 2551 1260 2575 nos
1291 2538 1496 2574 transferri
1527 2550 1637 2573 sacra
1667 2538 1898 2580 religiosum

127 2590 224 2626 fuit?
248 2591 319 2633 VI,
343 2602 398 2634 27,
423 2602 461 2635 5:
488 2593 627 2628 tertios
651 2594 776 2629 creari
792 2622 798 2629 .
815 2622 822 2629 .
838 2622 844 2629 .
862 2622 868 2629 .
884 2594 1115 2637 religiosum
1142 2595 1225 2629 fuit.

238 2648 424 2682 salubre:
448 2649 560 2690 praef
587 2659 643 2684 10:
669 2650 743 2685 hoc
767 2650 863 2684 illud
888 2657 947 2685 est
971 2650 1179 2693 praecipue
1203 2650 1242 2684 in
1265 2649 1493 2692 cognitione
1518 2660 1648 2684 rerum
1673 2649 1826 2684 salubre
1852 2660 1896 2683 ac

127 2701 374 2744 frugiferum,
399 2703 529 2738 omnis
554 2710 591 2738 te
617 2705 786 2748 exempli
812 2706 1049 2740 documenta
1074 2705 1112 2740 in
1138 2705 1280 2740 illustri
1306 2704 1435 2747 posita
1461 2710 1717 2739 monumento
1743 2702 1895 2738 intueri.

238 2757 396 2793 simile:
417 2758 605 2800 XXXIV,
626 2759 681 2802 58,
702 2760 740 2794 6:
765 2760 856 2802 quid
877 2760 996 2803 igitur
1020 2760 1144 2796 simile
1168 2772 1253 2796 esse
1276 2773 1323 2796 ex
1346 2772 1390 2795 ea
1412 2759 1676 2802 possessione,
1698 2759 1752 2793 ita
1773 2764 1896 2800 parta,

128 2818 183 2847 ita
206 2820 446 2855 recuperata,
471 2814 610 2849 deduci
635 2815 888 2857 Antiochum,
915 2822 952 2850 et
979 2818 1181 2851 Romanos
1208 2815 1404 2850 abstinere
1431 2815 1536 2855 Asia,
1563 2825 1658 2857 quae
1684 2823 1898 2855 numquam

130 2878 266 2902 eorum
296 2867 436 2903 fuerit?

994 2957 1026 2979 11
