2174 3220
187 200 288 229 ram;
319 185 470 227 XXIV,
498 195 554 227 4ο,
587 194 644 225 17;
675 194 800 225 neque
830 181 1008 217 terrestri
1038 192 1162 223 neque
1194 179 1322 215 navali
1351 179 1557 214 certamini
1588 180 1683 215 satis
1714 181 1799 218 fore
1829 195 1964 225 parem

188 256 229 279 se
257 243 398 284 fidens;
427 240 615 281 XXXVI,
647 239 699 280 16,
724 248 762 281 3:
793 238 887 273 satis
917 237 1041 272 fidens
1071 248 1284 278 numquam
1314 247 1358 270 ea
1387 235 1465 270 vim
1496 238 1719 271 Romanum
1748 238 1965 273 exercitum

187 300 400 338 facturum
425 296 597 337 XXVII,
618 295 673 336 28,
699 305 756 337 14:
779 294 882 328 haud
905 293 1029 328 ferme
1053 292 1188 327 fidenti
1211 292 1466 327 defensurum
1489 304 1528 327 se
1551 293 1706 334 urbem;
1730 293 1965 335 XXXVIII,

187 366 242 397 21,
270 365 303 390 1:
331 355 378 389 ab
404 353 557 388 duobus
583 351 770 386 lateribus
798 349 892 385 satis
919 349 1085 384 fidentes
1111 348 1215 383 invia
1240 359 1337 382 esse.

301 410 451 445 induco
483 409 525 443 in
557 408 762 442 animum:
795 406 848 446 II,
880 414 936 448 54,
967 413 1004 447 5:
1037 404 1114 439 iarn
1146 415 1248 439 nunc
1281 403 1335 438 ita
1366 403 1404 438 in
1436 403 1610 438 animum
1642 403 1840 446 inducant,
1874 417 1966 441 con-

189 466 360 500 sulatum
381 470 541 506 captum
566 470 603 498 et
625 473 860 505 oppressum
883 462 931 496 ab
955 460 1163 495 tribunicia
1187 465 1386 502 potestate
1411 471 1507 494 esse.

300 520 369 555 inf.
399 520 527 554 nudus
557 526 687 553 exstat
719 519 748 558 I,
781 527 832 559 17,
861 528 897 559 4;
932 517 985 558 ΙΙ,
1019 525 1070 558 15,
1100 526 1138 558 3;
1173 517 1225 557 ΙΙ,
1260 516 1311 557 18,
1346 525 1403 557 11;
1436 515 1634 557 XXVIII,
1669 516 1720 557 18,
1751 527 1788 559 4;
1822 517 1967 560 XLIV,

187 586 242 619 23,
271 586 298 610 1.

297 638 357 666 ut:
384 632 436 672 ΙΙ,
461 640 492 673 5,
518 641 553 672 7;
581 630 743 671 aliisque
769 628 877 663 locis.

300 688 456 722 iudico:
486 686 641 729 saepius
668 687 766 720 duos
795 683 1043 720 accusativos
1068 683 1170 726 regit
1197 684 1270 718 hoc
1297 683 1462 718 verbum
1490 682 1590 718 sicut
1616 684 1781 718 verbum
1808 683 1969 719 “duco.'’

190 745 331 779 Nullus
362 754 528 786 usquam
558 742 741 777 inventur
771 739 987 775 infinitivus
1018 739 1092 774 nisi
1124 740 1264 782 copula
1294 739 1440 780 “esse‚''
1472 750 1568 781 quae
1599 739 1660 773 his
1692 739 1789 774 locis
1820 745 1967 774 exstat:

192 801 269 841 III,
297 810 352 841 21,
380 810 417 840 2;
450 799 525 839 III,
553 808 609 840 40,
638 806 674 839 7;
706 797 783 838 ΙΙΙ,
813 805 868 838 72,
896 795 933 837 6;
963 795 1057 836 VII,
1091 805 1142 837 13,
1172 795 1204 836 6,
1234 795 1294 829 bis
1323 794 1436 836 VIII,
1470 805 1521 836 19,
1555 804 1612 836 10;
1643 794 1812 835 XXVII,
1847 803 1898 835 19,
1928 802 1966 836 5;

189 856 338 897 XXIX,
367 865 418 897 14,
442 855 480 896 8;
507 853 693 894 XXXIV,
718 863 774 894 42,
798 852 835 894 6;
861 851 1050 893 XXXIX,
1079 851 1130 892 16,
1155 860 1192 894 5;
1220 851 1406 892 XXXIX,
1436 850 1487 892 16,
1512 861 1550 893 9;

188 912 309 953 XLV,
333 920 389 953 37,
413 920 444 952 3-

298 967 488 1002 memini:
508 965 575 1000 inf.
595 976 720 1008 praes,
741 976 826 1007 gen.
849 970 921 999 act.
941 963 1138 998 invenitur
1160 964 1189 1003 Ι,
1208 972 1264 1005 47,
1283 973 1320 1004 2;
1342 962 1418 1004 ΙΙΙ,
1437 962 1492 1003 61,
1514 973 1548 1004 1;
1568 962 1662 1003 VII,
1681 972 1736 1004 4ο,
1756 961 1793 1004 6;
1815 961 1968 1005 XXIX,

188 1025 243 1066 28,
266 1024 304 1065 8;
329 1023 481 1065 XXXI,
502 1032 558 1064 41,
584 1031 641 1062 10;
665 1020 853 1061 XXXIX,
876 1030 932 1062 32,
960 1029 1016 1061 11;
1042 1018 1165 1060 XLV,
1193 1028 1244 1060 13,
1271 1026 1321 1060 15.

300 1079 366 1113 inf.
391 1078 487 1121 perf.
513 1083 586 1112 act.
610 1076 658 1118 V,
681 1076 713 1117 6,
737 1085 774 1119 5;
799 1076 893 1117 VII,
916 1085 973 1117 30,
996 1085 1033 1116 23
1059 1074 1248 1115 XXXVI,
1273 1083 1328 1116 34,
1351 1084 1389 1116 3;

299 1135 366 1169 inf.
393 1145 517 1177 praes.
543 1145 629 1176 gen.
655 1144 757 1175 pass.
784 1132 832 1173 X,
856 1142 912 1173 21,
939 1139 996 1173 15;
1022 1131 1217 1172 XXVIII,
1245 1140 1296 1172 19,
1325 1140 1382 1171 11;
1409 1129 1593 1171 XXXIV,
1617 1139 1673 1171 31,
1702 1139 1759 1171 133

300 1191 367 1225 inf.
390 1190 486 1233 perf.
510 1201 612 1232 pass.
635 1189 682 1230 V,
706 1198 761 1231 53,
783 1198 820 1229 2;
846 1187 895 1229 Χ,
920 1197 972 1229 14,
999 1197 1055 1228 11;
1080 1186 1248 1227 XXVII,
1271 1186 1326 1228 38,
1353 1196 1387 1227 1;
1411 1186 1560 1227 ΧΧΙΧ,
1583 1185 1639 1226 28,
1662 1185 1700 1226 8;
1725 1185 1833 1226 XLI,
1861 1185 1912 1226 18,
1940 1195 1969 1220 1.

299 1247 366 1281 inf.
395 1246 556 1289 gerund.
583 1245 631 1286 V,
657 1254 712 1286 30,
742 1254 776 1279 1:
806 1243 869 1286 qui
895 1243 1170 1278 meminissent
1199 1242 1272 1277 sibi
1299 1254 1371 1285 pro
1400 1242 1477 1277 aris
1506 1241 1706 1284 focisque.
1723 1269 1753 1276 ..
1770 1241 1968 1276 dimican-

187 1306 280 1339 dum
307 1303 402 1338 fore.

301 1359 549 1395 obliviscor:
582 1357 628 1398 X,
660 1365 716 1398 37,
748 1356 786 1391 8;
820 1362 862 1390 ut
895 1367 957 1389 me
991 1355 1196 1390 consulem
1229 1365 1316 1389 esse
1348 1353 1577 1395 obliviscar;
1611 1353 1784 1395 XXXII,
1817 1363 1872 1395 21,
1906 1363 1967 1396 23;

185 1421 400 1449 nostrorum
438 1414 506 1456 ipsi
544 1413 740 1447 vulnerum
750 1439 845 1446 .....
889 1411 1162 1452 obliviscamur,
1204 1410 1334 1445 caedes
1373 1410 1597 1453 direptiones
1636 1421 1788 1452 que....
1836 1409 1966 1450 factas,

188 1478 222 1506 et
276 1471 458 1514 hospitem
468 1496 563 1504 .....
623 1468 796 1508 occisum,
851 1474 885 1502 et
895 1495 990 1502 .....
1054 1466 1246 1509 Sicyonios
1256 1493 1352 1501 .....
1412 1465 1631 1501 interfectos
1635 1492 1748 1507 ......
1808 1477 1965 1500 uxorem

188 1532 537 1570 ....asportatam.
567 1524 759 1565 XXXIX,
786 1533 818 1566 5,
844 1534 882 1565 4:
911 1523 1002 1566 quid
1029 1522 1215 1565 privatim
1244 1523 1297 1557 M.
1326 1522 1518 1557 Aemilius
1547 1521 1804 1563 mandaverit,
1833 1521 1969 1557 memi-

188 1583 305 1624 nisse,
328 1582 572 1617 tribunatum
596 1580 667 1615 sibi
692 1592 713 1615 a
736 1580 883 1623 populo
908 1581 1088 1614 Romano
1113 1579 1343 1613 mandatum
1365 1578 1556 1619 oblivisci,
1582 1584 1619 1613 et
1643 1578 1872 1613 mandatum
1897 1589 1968 1620 pro

187 1638 334 1674 auxilio
359 1650 400 1673 ac
427 1637 607 1672 libertate
631 1636 888 1678 privatorum,
913 1647 993 1670 non
1016 1647 1087 1677 pro
1112 1634 1310 1670 consulari
1335 1645 1476 1676 regno;
1502 1634 1584 1674 XL,
1607 1633 1663 1675 46,
1692 1644 1724 1668 1:
1751 1645 1830 1669 non
1855 1634 1968 1669 obliti

189 1706 392 1730 sumus...
410 1722 416 1728 .
432 1705 504 1728 vos
520 1721 526 1727 .
544 1721 550 1727 .
567 1721 573 1727 .
589 1720 596 1727 .
613 1691 790 1727 moribus
812 1691 960 1726 nostris
982 1690 1233 1733 praepositos
1255 1701 1353 1731 esse,
1374 1696 1412 1725 et
1433 1702 1506 1725 nos
1528 1702 1549 1725 a
1569 1691 1683 1725 vobis
1706 1696 1744 1725 et
1765 1689 1969 1725 admoneri

189 1758 227 1786 et
253 1750 347 1793 regi,
373 1762 453 1784 non
478 1761 549 1783 vos
576 1760 596 1783 a
623 1748 736 1783 nobis
764 1748 917 1782 debere.

300 1806 471 1848 opinor:
506 1805 534 1846 Ι,
572 1803 622 1844 18,
655 1814 692 1846 4;
729 1809 869 1845 suopte
903 1802 1022 1845 igitur
1056 1801 1215 1845 ingenio
1251 1808 1514 1845 temperatum
1549 1801 1723 1837 animum
1757 1801 1969 1838 virtutibus

189 1861 310 1897 fuisse
332 1861 473 1904 opinor
494 1860 621 1903 magis
642 1860 973 1901 instructumque;
996 1858 1207 1899 XXXVII,
1227 1868 1260 1900 9,
1281 1858 1318 1899 6;
1342 1869 1457 1900 quern
1479 1864 1583 1893 terra
1603 1863 1813 1892 venturum
1834 1857 1969 1901 opina-

187 1919 319 1960 batur,
349 1917 563 1957 XXXVII,
592 1916 647 1957 26,
679 1926 735 1950 10:
766 1915 861 1950 nihil
890 1915 1019 1949 minus
1049 1914 1278 1957 opinantem
1307 1926 1423 1956 quam
1453 1913 1969 1956 Polyxenidam....p0tes-

188 1982 312 2010 tatem
338 1985 492 2017 pugnae
520 1973 727 2007 facturum.

300 2034 420 2071 puto:
447 2029 513 2062 inf.
542 2040 666 2071 praes,
694 2039 780 2069 gen.
807 2033 879 2061 act.
906 2026 1059 2069 viginiti
1086 2026 1184 2061 locis
1209 2032 1430 2068 usurpatur.

301 2085 367 2119 inf.
393 2085 489 2128 perf.
517 2090 589 2119 act.
618 2083 763 2126 septies
791 2082 944 2125 legitur.

301 2141 368 2175 inf.
399 2141 468 2175 fut.
499 2146 570 2175 act.
603 2139 729 2173 sexies
761 2138 968 2173 invenitur.

299 2196 365 2230 inf.
393 2208 516 2238 praes.
543 2207 629 2237 gen.
655 2207 756 2237 pass.
783 2201 911 2229 exstat
938 2194 1034 2228 locis
1061 2195 1224 2228 duobus.

301 2252 368 2286 inf.
393 2251 490 2286 oerf.
515 2263 617 2293 pass.
642 2257 732 2285 octo
759 2250 856 2285 locis
879 2255 1101 2292 usurpatur.

303 2308 369 2342 inf.
400 2307 562 2350 gerund.
593 2306 736 2348 legitur
768 2306 841 2346 III,
874 2315 978 2347 19193
1009 2305 1056 2346 V,
1086 2314 1141 2347 53,
1171 2315 1202 2347 3.

301 2363 709 2398 Animadvertendum
733 2373 818 2396 esse
840 2361 995 2396 videtur
1018 2361 1057 2395 in
1081 2360 1206 2403 prima
1229 2361 1374 2395 decade
1399 2362 1472 2396 hoc
1496 2361 1660 2396 verbum
1685 2361 1782 2396 locis
1807 2361 1969 2404 triginta

190 2427 341 2463 septem
365 2418 541 2459 inveniri,
565 2418 604 2452 in
628 2417 736 2452 libris
760 2417 1048 2460 posterioribus
1075 2416 1220 2459 septies
1245 2423 1398 2451 tantum
1422 2416 1509 2459 legi.

301 2476 519 2510 recordor:
544 2474 610 2515 IX,
637 2484 689 2516 19,
715 2483 772 2508 12:
797 2485 865 2516 per
889 2484 1015 2508 annos
1040 2478 1225 2515 quattuor
1250 2479 1287 2507 et
1310 2472 1449 2514 viginti
1466 2501 1472 2507 .
1489 2500 1495 2507 .
1512 2501 1518 2507 .
1535 2501 1541 2507 .
1557 2473 1750 2507 classibus
1775 2479 1968 2508 certaturn
2015 2485 2019 2489 ·

190 2543 278 2566 curn
312 2531 455 2566 Poenis
488 2530 693 2571 recordor;
727 2529 921 2570 XXVIII,
951 2538 1007 2571 43,
1043 2537 1100 2570 17:
1133 2540 1258 2570 neque
1291 2529 1802 2571 recordatur....patuisse
1837 2535 1968 2564 tamen

189 2596 327 2630 portus
362 2587 531 2627 Africae,
567 2593 603 2621 et
639 2598 700 2620 res
737 2585 940 2627 egregie..
958 2613 963 2619 .
981 2613 986 2618 .
1005 2584 1176 2626 gessisse
1212 2592 1271 2618 et.
1289 2612 1294 2618 .
1312 2612 1317 2618 .
1335 2612 1341 2618 .
1359 2584 1547 2619 invictum
1584 2586 1631 2619 ad
1666 2585 1848 2619 ultimum
1883 2597 1969 2627 per·

190 2654 393 2677 manfflsse.

302 2708 417 2732 reor:
444 2697 511 2732 inf.
539 2709 663 2739 praes.
691 2709 776 2739 gen.
805 2703 876 2731 act.
906 2695 1110 2738 octoginta
1138 2695 1218 2730 fere
1246 2695 1343 2730 locis
1371 2695 1523 2738 legitur.

301 2754 367 2788 inf.
395 2753 491 2795 perf.
519 2760 590 2788 act.
620 2752 717 2787 locis
744 2758 955 2793 usurpatur
986 2749 1298 2792 quattuordecim.

299 2810 365 2843 inf.
391 2810 458 2843 fut.
484 2816 556 2843 act.
582 2809 678 2843 locis
702 2808 840 2849 viginti
866 2807 1034 2848 quinque
1058 2814 1277 2848 usurpatur.

302 2865 367 2899 inf.
394 2864 549 2906 coniug.
577 2863 746 2907 periphr.
773 2862 917 2906 legitur
945 2862 1015 2903 IX,
1044 2872 1095 2904 19,
1125 2872 1175 2896 12.

300 2921 366 2955 inf.
393 2932 516 2963 praes.
545 2931 630 2962 gen.
655 2931 757 2962 pass.
784 2925 913 2954 exstat
939 2918 1035 2953 locis
1062 2917 1224 2959 triginta
1247 2930 1336 2952 uno.

1055 2997 1096 3028 26
