2174 3220
211 184 325 220 nobis
351 182 524 218 animum
549 192 646 221 esse,
673 192 743 215 nec
768 180 842 214 hoc
868 179 974 215 credi
998 178 1244 221 vulgarique3
1272 179 1441 220 XXXV,
1467 189 1522 222 24,
1550 190 1584 215 1:
1610 181 1658 215 ad
1683 193 1766 216 rem
1790 181 1988 225 pertinere

212 239 339 273 visum
363 245 422 273 est
448 237 630 272 consules
656 235 783 279 primo
809 247 963 278 quoque
990 241 1168 277 tempore
1194 234 1334 276 creari;
1361 235 1485 271 XLV.
1514 245 1565 278 10,
1590 245 1628 278 5:
1653 237 1851 279 pertinere
1874 238 1914 274 id
1939 239 1988 274 ad

212 295 359 329 famam
383 292 616 334 salutemque
644 291 826 333 civitatis,
857 303 1021 326 noscere
1052 291 1161 334 ipsos
1192 290 1471 326 omnia....et
1501 299 1705 335 comperta
1736 293 1895 329 referre.

320 349 443 392 quod:
473 349 540 389 IV,
566 358 621 390 29,
647 349 684 382 8:
712 348 899 382 11ihil....
926 347 1122 390 pertinere
1150 347 1288 388 visum,
1317 348 1420 389 quod
1448 375 1478 382 ..
1495 376 1524 382 ..
1554 348 1752 383 traiecere.

323 404 457 446 piget:
488 404 535 445 V,
565 415 598 446 4,
633 415 689 439 12:
723 416 795 439 nos
827 404 929 438 intra
960 403 1220 438 vicensimum
1252 403 1870 447 lapidem....0ppugnationern
1901 418 1987 449 per-

211 461 313 496 ferre
334 461 465 503 piget?
486 461 532 502 V,
553 470 607 503 53,
626 472 664 502 9:
687 473 782 495 1105.
800 488 806 495 .
823 489 829 495 .
846 488 853 494 .
869 460 1075 495 aedificare
1097 460 1257 495 incensa
1278 459 1409 502 piget?
1432 460 1584 502 XXXI,
1608 470 1638 502 7,
1663 471 1720 503 13:
1744 461 1774 496 si
1795 461 1989 504 piguisset

211 528 282 552 vos
307 517 346 551 in
372 517 550 552 Africam
576 517 752 551 traicere.

322 573 479 615 placet:
503 572 682 607 ducentis
705 571 988 615 quinquaginta
1010 572 1091 607 fere
1115 572 1212 607 locis
1234 571 1442 607 invenitur.
1488 572 1617 608 Semel
1639 574 1877 616 paratactice
1900 586 1988 610 cum

210 631 315 664 nudo
336 629 584 664 subiunctivo
605 636 826 671 usurpatur,
848 628 1017 669 XXXV,
1036 638 1091 671 23,
1110 629 1147 663 8:
1168 628 1298 671 itaque
1319 629 1473 670 placere
1494 629 1646 664 senatui
1666 631 1714 664 ad
1734 641 1822 664 eum
1842 630 1987 665 exerci-

211 692 315 720 tum.
333 713 339 719 .
356 713 362 719 .
379 713 385 719 .
403 685 554 727 equites
580 684 780 719 scriberet.

303 747 365 776 ut:
395 742 442 782 X,
471 751 525 782 21,
556 750 585 782 7.

320 797 546 839 praeterit:
578 796 817 837 XXXVIII,
851 805 902 837 17,
932 806 969 831 2:
1000 808 1079 831 non
1110 808 1169 831 me
1201 796 1479 838 praeterit....
1511 797 1779 832 omnium....
1825 798 1991 841 gentium

212 854 347 890 Gallos
377 853 482 887 fama
511 852 601 887 belli
631 858 843 895 praestare.

322 909 468 951 pudet:
493 909 568 949 III,
590 917 645 951 52,
667 917 703 950 7:
728 920 807 943 non
828 908 948 951 pudet
971 907 1155 943 lictorum
1176 914 1401 943 vestrorum
1424 908 1615 943 maiorem
1635 921 1759 952 prope
1781 922 1988 946 numerum

211 965 249 1000 in
283 965 371 1000 foro
407 964 582 1007 conspici
617 976 734 1006 quam
769 970 999 1006 togatorum
1032 963 1223 998 aliorum?
1257 964 1409 1005 XXVI,
1444 973 1499 1006 37,
1533 964 1570 999 6:
1607 966 1778 1008 pudebat
1812 967 1910 1002 adeo
1947 979 1988 1003 se

210 1027 376 1063 spretos.

320 1076 500 1110 refellit:
529 1075 596 1117 IV,
625 1075 676 1116 16,
700 1086 738 1117 4:
766 1075 911 1110 refellit
937 1075 1347 1110 falsum....titulum
1372 1075 1506 1118 paucis
1534 1082 1623 1111 ante
1651 1076 1762 1111 annis
1788 1076 1874 1118 lege
1901 1087 1988 1111 cau-

209 1140 302 1174 tum,
329 1144 376 1168 ne
401 1132 569 1167 tribunis
594 1132 788 1173 collegam
814 1138 1002 1174 cooptare
1029 1131 1174 1166 liceret.

319 1189 472 1222 refert:
498 1187 690 1228 XXXIV,
720 1197 770 1229 17,
795 1197 831 1229 7:
857 1200 935 1222 non
961 1194 1188 1222 nostra....
1217 1188 1342 1230 magis
1369 1199 1484 1230 quam
1509 1194 1640 1222 vestra
1666 1188 1787 1223 refert
1811 1200 1882 1222 vos
1909 1199 1988 1222 non

209 1245 416 1285 rebellare;
442 1244 630 1285 XXXIV,
652 1253 707 1285 27,
731 1244 767 1278 6:
794 1250 831 1279 et
854 1243 1032 1286 ipsorum
1056 1244 1214 1285 referre,
1240 1244 1271 1278 si
1296 1255 1394 1286 quos
1419 1250 1626 1286 suspectos
1651 1250 1776 1278 status
1799 1255 1987 1287 praesens

208 1312 340 1335 rerum
368 1300 527 1339 faceret,
557 1299 757 1341 prohiberi
786 1299 918 1342 potius
923 1327 1022 1340 .....
1040 1311 1156 1341 quam
1186 1299 1313 1342 puniri
1344 1300 1554 1334 molientis.

319 1356 433 1391 subit
454 1356 659 1390 animum:
682 1355 803 1397 XLV,
825 1364 856 1398 5,
882 1366 939 1390 11:
963 1355 1080 1390 subiit
1103 1356 1303 1398 extemplo
1325 1355 1499 1390 animum
1522 1356 1561 1390 in
1585 1368 1624 1390 se
1649 1355 1834 1390 nimirum
1855 1367 1987 1398 recep-

208 1418 289 1447 tam
310 1412 449 1447 labem.

317 1467 546 1502 succurrit:
593 1467 720 1508 XXV,
765 1476 820 1508 37,
869 1468 925 1502 16:
971 1467 1155 1509 reliquias
1202 1479 1290 1502 eum
1336 1479 1421 1502 esse
1466 1469 1633 1503 duorum
1679 1468 1964 1503 exercitum...
1981 1495 1988 1502 .

207 1524 476 1564 succurrebat,
512 1523 728 1564 XXXVII,
760 1523 792 1564 8,
825 1533 862 1557 2:
897 1524 1149 1558 succurrebat
1184 1530 1410 1565 superatum
1445 1536 1496 1564 se,
1530 1535 1618 1558 cum
1652 1524 1790 1559 classis
1823 1524 1987 1559 afuisset

202 1577 448 1613 Rhodiorum.

321 1635 437 1669 venit
470 1635 511 1668 in
545 1638 747 1669 mentem:
782 1635 852 1676 VI,
888 1645 939 1676 12,
971 1645 1009 1677 9:
1043 1635 1174 1670 veniat
1209 1634 1247 1669 in
1281 1642 1454 1670 mentem
1486 1635 1626 1677 cuique
1659 1636 1755 1671 deos
1790 1648 1887 1677 esse,
1923 1636 1986 1679 qui

209 1692 433 1726 Romanum
462 1690 663 1732 adiuvent;
696 1691 766 1732 VI,
794 1701 850 1732 41,
884 1701 940 1725 11:
972 1703 1040 1726 nec
1073 1691 1111 1725 in
1142 1698 1315 1726 mentem
1346 1691 1453 1726 venit
1483 1692 1606 1726 altera
1637 1692 1722 1734 lege
1753 1692 1986 1727 solitudines

208 1753 340 1781 vastas
363 1746 401 1781 in
425 1746 530 1789 agris
556 1746 638 1781 fieri
654 1775 661 1781 .
677 1775 684 1781 .
701 1775 707 1781 .
724 1774 743 1787 .,
759 1747 882 1781 altera
907 1747 1024 1781 fidem
1049 1746 1249 1789 abrogari;
1277 1747 1475 1788 XXVIII,
1500 1757 1555 1789 24,
1584 1758 1640 1789 14:
1667 1759 1792 1790 neque
1816 1747 1923 1783 venit
1948 1748 1987 1782 in

208 1809 382 1837 mentem
421 1802 500 1837 suis
538 1802 660 1845 tergis
698 1802 856 1845 suisque
894 1802 1111 1837 cervicibus
1161 1803 1293 1845 virgas
1342 1803 1428 1837 illas
1479 1815 1714 1845 securesque
1763 1803 1985 1845 imminere;

208 1858 356 1899 XXXI,
393 1869 420 1899 1,
451 1869 488 1892 2:
524 1870 611 1893 cum
643 1858 682 1892 in
715 1865 888 1893 mentem
920 1858 1028 1893 venit
1061 1859 1131 1893 tris
1165 1866 1201 1894 et
1237 1859 1443 1901 sexaginta
1475 1871 1830 1902 annOS....aeque
1864 1861 1987 1895 multa

206 1914 408 1949 volumina
434 1926 651 1956 occupasse
680 1913 784 1948 mihi.

319 1970 435 2004 venit
461 1970 503 2003 in
528 1970 795 2011 religionem:
822 1970 954 2011 XXII,
978 1980 1033 2012 33,
1060 1979 1095 2012 7:
1121 1970 1158 2004 in
1186 1970 1419 2012 religionem
1445 1970 1562 2006 etiam
1586 1971 1704 2013 venit,
1731 1973 1867 2007 aedem
1893 1985 1986 2008 con-

208 2026 387 2061 cordiae.
405 2054 410 2060 .
428 2054 434 2060 .
452 2054 457 2060 .
475 2027 645 2061 locatam
676 2027 723 2060 ad
753 2026 792 2061 id
824 2033 979 2068 tempus
1010 2039 1089 2061 non
1121 2039 1217 2061 esse.

201 2229 293 2279 111.
357 2230 773 2280 praedicatum
810 2233 907 2280 est
942 2244 1193 2292 persona
1229 2233 1413 2282 tertia
1450 2247 1617 2285 num.
1643 2234 1798 2295 sing.
1824 2234 1986 2285 verbi

467 2322 621 2368 pass

204 2454 245 2494 A
282 2454 513 2506 Draegero
549 2467 638 2494 non
675 2454 916 2495 laudantur
950 2455 1059 2495 haec
1093 2455 1243 2503 verba,
1281 2469 1393 2507 quae
1430 2456 1549 2508 apud
1589 2455 1766 2496 Livium
1803 2456 1982 2508 passive

205 2527 421 2572 usurpata
464 2534 553 2561 acc.
596 2535 697 2561 cum
740 2521 817 2561 inf.
860 2522 973 2562 coni.
1017 2522 1269 2562 subiectum
1313 2523 1593 2563 adsciscunt:
1638 2523 1862 2571 abnuitur,
1906 2523 1981 2562 ad-

205 2588 348 2635 icitur,
387 2589 580 2635 additur,
620 2589 1006 2636 animadvertitur,
1049 2590 1281 2636 clamatur,
1321 2590 1623 2640 cognoscitur,
1664 2590 1983 2637 conclamatur,

204 2654 416 2702 defertur,
467 2655 750 2699 denuniatur,
787 2654 1058 2706 desperatur,
1100 2656 1301 2703 edicitur,
1352 2657 1624 2707 exploratur,
1675 2657 1983 2708 exprobratur,

202 2721 406 2769 habetur,
437 2722 642 2770 iactatur,
674 2723 910 2771 indicatur,
941 2723 1194 2771 mandatur,
1224 2723 1430 2771 obicitur,
1462 2723 1737 2775 patefactum
1771 2729 1851 2771 est,
1883 2737 1980 2774 per-

204 2787 359 2836 fertur,
401 2796 649 2840 peroratur,
691 2790 1000 2841 persuadetur,
1043 2790 1335 2841 promittitur,
1379 2790 1709 2842 pronuntiatur,
1753 2790 1978 2840 recipitur,

204 2855 405 2903 refertur,
451 2856 731 2903 renuntiatur,
777 2857 995 2907 repetitur,
1043 2856 1277 2904 rescibitur,
1325 2858 1617 2908 respondetur,
1664 2857 1807 2904 scitur,
1855 2857 1981 2907 signi-

203 2921 374 2969 ficatur,
402 2928 621 2972 speratur,
649 2923 880 2971 subicitur,
907 2923 1111 2971 vertitur,
1138 2924 1363 2975 vulgatur.

1072 3006 1109 3037 16
