2070 3256
233 135 491 177 ambiguumz
520 134 643 175 XLV,
675 143 725 176 19,
756 143 813 168 11:
842 134 947 176 quod
975 133 1077 168 haud
1105 132 1333 175 ambiguum
1359 143 1483 175 prope
1512 130 1616 167 diem
1644 136 1900 174 regnaturum

124 204 212 227 eum
242 191 471 226 infirmitate
502 197 708 233 aetateque
743 189 931 224 Eumenis
963 195 1078 224 esset.

234 247 439 289 amplum:
469 247 517 288 V,
547 256 602 289 30,
631 256 669 281 2:
702 245 775 281 sibi
806 246 981 288 amplum
1012 256 1166 288 quoque
1198 256 1284 280 esse
1315 244 1454 279 urbem
1484 244 1532 279 ab
1565 255 1605 279 se
1636 249 1794 286 captam
1824 242 1900 278 fre—

123 303 312 346 quentari.

233 363 398 402 aptum:
425 358 615 399 XXXIV,
640 358 695 399 62,
723 366 780 400 17:
807 357 961 392 videtur
987 356 1156 400 tempori
1183 362 1318 399 aptum
1343 355 1476 397 fuisse,
1503 355 1659 398 integro
1686 354 1902 391 certamine

123 426 191 451 eos
224 415 402 457 relinqui.

234 475 414 505 certum:
443 471 600 511 XXIII,
633 478 683 511 17,
711 469 748 504 6:
777 470 894 504 urbes
925 469 1173 511 Campaniae,
1203 480 1298 511 quas
1325 474 1478 503 certum
1507 474 1590 503 erat
1619 479 1698 502 non
1726 472 1901 501 mutasse

124 527 251 562 fidem.
282 527 366 568 XL,
394 527 449 568 28,
479 537 516 561 2:
545 532 588 561 ut
619 525 758 569 quibus
787 537 859 568 pro
890 537 957 568 spe
987 531 1139 560 certum
1169 531 1273 559 esset
1303 525 1440 559 hostes
1471 530 1582 559 extra
1610 523 1758 558 vallum
1790 522 1903 565 signa

122 595 202 618 non
230 583 413 618 elaturos.

234 639 377 673 civile:
407 637 580 679 XXVII,
610 637 641 679 6,
669 647 707 679 4:
740 636 803 680 qui
832 648 957 679 neque
987 636 1265 679 magistratum
1295 635 1515 671 continuari
1547 634 1642 670 satis
1670 634 1785 670 civile
1815 646 1902 669 esse

122 694 289 730 aiebant.

235 760 659 800 consentaneumz*X‚
688 760 738 800 18,
767 770 823 802 13:
850 760 1009 795 minime
1036 766 1346 794 consentaneum
1373 765 1522 794 est....
1550 760 1622 793 huc
1650 765 1687 793 te
1713 759 1761 793 ad
1786 770 1903 800 opem

121 819 326 853 ferendam
353 817 438 852 aliis
466 817 627 859 gloriari
654 816 819 851 venisse.

234 886 508 920 conveniens:
545 884 662 925 VIII,
697 894 752 926 33,
789 894 849 918 20:
888 895 1003 925 quarn
1041 882 1280 918 conveniens
1317 894 1415 923 esse,
1453 887 1614 924 propter
1652 881 1699 922 Q.
1739 879 1903 914 Fabium

123 941 323 976 civitatem
348 941 387 975 in
413 940 582 976 laetitia.
600 968 606 974 .
623 968 629 974 .
646 968 652 974 .
670 952 768 980 esse,
796 951 906 974 eum.
923 967 930 973 .
947 967 953 973 .
970 967 976 973 .
993 939 1183 973 nudatum
1209 938 1331 981 virgis
1359 938 1537 979 lacerari;
1565 936 1756 977 XXXIV,
1782 936 1837 976 28,
1865 944 1901 976 7:

124 998 214 1040 quid
237 998 366 1032 minus
390 997 629 1032 conveniens
653 1008 738 1030 esse
763 1007 878 1038 quam
902 995 1052 1030 omisso
1075 996 1190 1029 hoste
1214 995 1346 1037 Argos
1370 993 1615 1037 oppugnari?
1638 992 1760 1033 XLV,
1788 1003 1839 1033 11,
1863 992 1902 1027 8:

122 1054 182 1089 his
212 1066 301 1089 cum
332 1053 467 1088 laetari
498 1052 741 1087 Antiochum
773 1051 1012 1087 conveniens
1043 1058 1157 1086 esset.

233 1110 453 1144 credibile:
481 1108 549 1150 IV,
577 1108 628 1149 16,
651 1118 689 1150 4:
714 1107 780 1142 vix
806 1107 991 1142 credibile
1018 1113 1077 1141 est
1102 1118 1309 1141 numerum
1334 1105 1582 1141 tribunorum
1608 1111 1741 1148 patres
1768 1103 1902 1146 augeri

123 1177 280 1208 passos:
311 1165 358 1206 X,
389 1176 416 1205 1,
444 1165 480 1199 8:
509 1164 574 1199 vix
602 1164 787 1199 credibile
816 1170 899 1198 erat
926 1170 1007 1198 tam
1034 1163 1187 1198 affectis
1216 1163 1332 1197 rebus
1362 1163 1470 1197 solos
1497 1173 1565 1204 per
1595 1173 1635 1196 56
1664 1161 1824 1203 Aequos
1855 1160 1902 1195 ad

122 1222 268 1256 bellum
296 1228 470 1256 coortos.

235 1278 449 1311 decorum:
484 1277 577 1317 VII,
612 1284 667 1318 25,
706 1286 762 1310 11:
800 1275 859 1310 cui
893 1275 1010 1310 unico
1045 1274 1543 1310 consuli....dictatorem
1579 1272 1762 1315 adrogari
1799 1272 1903 1306 haud

124 1334 218 1368 satis
246 1335 433 1368 decorum
461 1339 519 1367 est
545 1333 732 1374 patribus.

235 1390 441 1424 deforme:
478 1388 714 1429 XXXVIII,
749 1397 803 1430 52,
842 1398 898 1422 11:
935 1388 982 1422 ad
1017 1387 1054 1422 id
1091 1387 1362 1429 fastigium...
1380 1415 1385 1420 .
1405 1386 1444 1421 P.
1483 1385 1730 1428 Scipionem.
1747 1413 1753 1419 .
1770 1413 1777 1420 .
1794 1413 1800 1419 .
1817 1396 1903 1427 per-

122 1446 289 1487 venisse,
317 1452 358 1480 ut
388 1446 459 1479 sub
489 1444 645 1480 Rostris
675 1456 785 1478 reum
814 1450 917 1478 stare
947 1450 985 1478 et
1014 1444 1201 1485 praebere
1231 1455 1343 1477 aures
1372 1442 1685 1477 adolescentium
1715 1440 1903 1476 conviciis

122 1503 268 1545 populo
299 1503 481 1536 Romano
509 1500 635 1543 magis
663 1501 841 1535 deforme
870 1511 985 1542 quarn
1012 1499 1086 1541 ipsi
1115 1499 1174 1533 sit.

235 1558 425 1599 dignum:
450 1557 518 1597 IV,
541 1566 596 1598 49,
624 1567 680 1590 11:
705 1556 868 1598 dignum
892 1555 995 1590 enim
1020 1567 1117 1596 esse,
1142 1555 1205 1597 qui
1229 1554 1348 1589 armis
1373 1554 1581 1597 cepissent,
1606 1565 1742 1589 eorum
1764 1554 1904 1588 urbem

123 1625 339 1656 agrumque
377 1614 571 1648 Bolanum
609 1624 711 1653 esse;

236 1670 424 1704 dubium:
459 1668 610 1710 XXVI,
641 1677 696 1710 27,
730 1678 766 1710 5:
799 1680 870 1703 nec
902 1667 970 1702 ulli
1002 1667 1164 1702 dubium
1197 1673 1279 1702 erat
1312 1668 1481 1701 humana
1512 1666 1551 1701 id
1584 1666 1721 1701 fraude
1754 1666 1904 1701 factum

124 1737 226 1766 esse;
266 1725 504 1765 XXXVIII,
542 1725 574 1765 6,
614 1733 650 1766 7:
691 1725 794 1758 haud
834 1723 994 1758 dubium
1035 1730 1118 1758 erat
1159 1722 1375 1765 expugnari
1392 1751 1397 1757 .
1415 1750 1421 1757 .
1438 1751 1444 1757 .
1462 1750 1468 1757 .
1485 1733 1605 1765 opera
1621 1750 1627 1757 .
1644 1750 1650 1757 .
1667 1750 1674 1757 .
1691 1750 1697 1756 .
1714 1722 1902 1765 potuisse.

123 1781 231 1823 XLI,
257 1791 312 1822 23,
337 1792 374 1822 9:
402 1780 474 1815 nisi
501 1782 575 1815 hoc
602 1780 763 1815 dubium
790 1780 902 1814 alicui
931 1787 1000 1820 est,
1027 1780 1459 1814 bellandum...,esse.

235 1848 362 1883 Pluris
393 1849 521 1883 facere
550 1848 703 1882 videtur
733 1854 868 1882 noster
898 1847 1139 1882 locutionem
1169 1848 1272 1881 “non
1302 1853 1360 1881 est
1390 1846 1550 1880 dubium
1581 1846 1707 1888 quin,''
1738 1857 1835 1888 quae
1864 1845 1903 1879 in

124 1906 269 1940 decade
295 1905 420 1946 prima
447 1904 544 1939 locis
571 1903 767 1938 invenitur
793 1904 869 1938 his:
898 1904 974 1944 III,
999 1914 1030 1945 4,
1056 1913 1093 1938 2:
1122 1903 1198 1944 III,
1224 1912 1279 1945 59,
1305 1911 1342 1945 5;
1371 1901 1439 1944 IV,
1465 1902 1521 1944 38,
1547 1911 1584 1944 5;
1613 1901 1683 1943 IX,
1710 1912 1742 1943 2,
1767 1910 1804 1945 5;
1833 1901 1903 1943 IX,

123 1961 177 2004 38,
202 1972 239 2003 9;
268 1961 315 2001 X,
338 1971 393 1997 22,
421 1971 454 2001 1;
483 1960 530 1998 X.
555 1970 610 2002 24,
639 1970 695 2001 Ι2;
723 1959 770 2000 X,
794 1968 850 2001 35,
878 1969 928 1993 12.

235 2028 336 2063 Vide
370 2028 487 2063 etiam
519 2026 755 2062 adiectivum
788 2026 975 2061 “dubius'’
1007 2027 1053 2061 de
1087 2038 1258 2068 persona
1288 2032 1531 2068 usurpatum.

235 2095 468 2137 egregium:
499 2094 652 2135 XXXI,
679 2104 734 2135 24,
767 2103 824 2135 13:
851 2093 1028 2136 conspici
1058 2105 1098 2128 se
1127 2099 1369 2135 pugnantem
1399 2092 1603 2135 egregium
1632 2092 1809 2127 ducebat.

235 2151 380 2185 facile:
406 2151 523 2190 VIII,
549 2160 604 2191 23,
634 2158 690 2192 15:
717 2161 808 2184 nam
834 2160 959 2191 neque
986 2149 1099 2184 facile
1125 2149 1247 2184 fuisse
1273 2148 1311 2183 id
1336 2148 1475 2183 vitium
1501 2147 1621 2183 nosci.
1650 2148 1782 2189 XXII,
1807 2147 1839 2189 8,
1866 2156 1903 2190 5;

125 2207 289 2248 XXXV,
315 2216 370 2248 50,
400 2217 433 2247 1;
463 2206 653 2246 XXXVI,
680 2215 735 2248 32,
761 2214 797 2247 7;
826 2205 933 2246 XLI,
958 2215 990 2247 3,
1018 2213 1054 2246 7;
1082 2205 1202 2247 rec1pi
1230 2204 1343 2239 facile
1370 2216 1456 2239 esse
1487 2204 1668 2246 (castra).

237 2263 514 2305 flagitiosum:
550 2262 699 2302 XXVI,
732 2261 765 2302 8,
797 2271 835 2303 3:
871 2260 1029 2296 abscedi
1063 2273 1084 2295 a
1120 2261 1253 2303 Capua
1287 2260 1502 2302 terrerique
1537 2267 1574 2295 et
1609 2259 1821 2302 circumagi
1856 2259 1904 2295 ad

125 2326 241 2354 nutus
271 2317 724 2360 comminationibusque
757 2316 992 2352 Hannibalis
1022 2316 1262 2359 flagitiosum
1292 2317 1470 2351 ducebat.

235 2375 476 2408 honestum:
499 2372 693 2415 XXXIV,
714 2382 769 2415 50,
789 2382 827 2414 3:
849 2385 896 2407 ne
917 2372 1013 2415 ipsis
1035 2372 1191 2414 quidem
1213 2373 1424 2406 honestum
1446 2383 1531 2406 esse
1553 2372 1592 2406 in
1613 2371 1777 2406 liberata
1799 2376 1903 2406 terra

126 2430 359 2465 liberatores
388 2430 470 2465 eius
501 2430 663 2471 servire;
694 2429 905 2470 XXXVII,
938 2439 988 2471 19,
1021 2439 1054 2463 1:
1088 2428 1285 2463 Eumenes
1315 2440 1384 2463 nec
1416 2429 1628 2463 honestum
1658 2427 1787 2463 dicere
1818 2439 1904 2463 esse

126 2498 172 2522 eo
199 2493 378 2529 tempore
403 2487 450 2521 de
476 2497 570 2529 pace
597 2485 670 2528 agi.
1519 2521 1523 2524 ,

238 2542 474 2584 indignum:
505 2542 552 2583 V,
585 2552 636 2584 14,
665 2552 703 2584 4:
732 2540 939 2584 indignum
969 2540 1028 2576 dis
1056 2540 1184 2575 visum
1215 2541 1388 2575 honores
1417 2539 1569 2582 volgari
1600 2539 1904 2582 discriminaque

126 2597 304 2640 gentium
329 2598 534 2638 confundi;
564 2598 611 2639 X,
638 2607 669 2640 7,
693 2607 731 2640 9;
758 2597 885 2638 XXV,
910 2607 966 2639 41,
995 2607 1028 2638 13
1056 2596 1205 2637 XXVI,
1234 2606 1313 2638 1043
1343 2596 1518 2637 XXVII,
1542 2605 1598 2638 30,
1628 2606 1684 2638 14;
1714 2593 1905 2637 XXXIV,

126 2653 181 2695 58,
205 2664 243 2695 4;
270 2653 505 2694 XXXVIII,
530 2663 585 2695 42,
611 2663 649 2695 9;
679 2653 873 2693 ΧΧΧΙΧ,
899 2662 931 2695 5,
957 2663 995 2689 2.

238 2709 444 2750 iniquum:
476 2710 551 2750 III,
578 2719 633 2750 44,
665 2719 721 2743 12:
751 2708 927 2750 iniquum
955 2720 1040 2743 esse
1069 2708 1273 2742 absentem
1301 2708 1347 2743 de
1377 2707 1509 2742 liberis
1537 2707 1723 2743 dimicare
1756 2706 1903 2749 (eum);

129 2764 205 2806 ΙΙΙ,
239 2773 294 2806 57,
327 2775 365 2807 9;
402 2764 474 2800 etsi
509 2765 686 2807 patribus
720 2764 951 2800 videbamus
986 2764 1161 2806 iniquum
1195 2763 1403 2806 patricium
1439 2774 1593 2806 quoque
1628 2762 1904 2805 magistratum

127 2820 230 2863 plebi
254 2821 402 2855 donum
425 2820 523 2861 fieri;
548 2820 697 2862 XXVI,
720 2830 775 2862 29,
798 2820 835 2855 8:
861 2832 951 2855 nam
976 2832 1064 2856 cum
1087 2825 1198 2854 extra
1222 2825 1371 2854 sortem
1392 2819 1570 2861 collegae
1593 2819 1798 2862 optionem
1821 2818 1904 2854 dari

126 2875 373 2918 provinciae.
391 2904 396 2910 .
414 2904 419 2910 .
437 2905 442 2910 .
475 2876 649 2918 iniquum
681 2876 807 2910 fuerit.

998 2963 1037 2986 10
