2174 3220
312 197 402 232 Una
427 206 515 230 cum
539 192 698 228 nomine
725 189 972 226 substantivo
999 187 1143 223 obiecti
1168 188 1257 222 loco
1282 185 1414 229 posito
1440 197 1517 221 acc.
1542 197 1631 221 cum
1656 186 1723 221 inf.
1749 187 1849 222 coni.
1876 188 1978 230 regit

200 254 364 289 verbum
384 250 545 286 “video'’
566 248 678 289 XXI,
698 257 753 290 33,
772 257 809 288 3;
829 252 872 281 ut
892 243 1198 287 trepidationem
1217 242 1257 277 in
1276 241 1469 284 angustiis
1491 253 1639 284 suoque
1658 242 1788 285 ipsum
1808 243 1978 278 tumultu

200 307 356 344 misceri
386 317 528 349 agmen
557 304 707 345 videre3
740 301 891 342 XXVI,
920 301 952 342 6,
982 300 1019 341 6;
1049 305 1262 342 postquam
1291 297 1468 333 cohortis
1500 297 1772 340 Hispanorum
1803 305 1978 342 stragem

199 364 296 400 vidit
321 372 550 404 summaque
570 360 607 395 vi
629 365 759 394 castra
781 357 955 392 hostium
977 354 1152 396 defendi;
1177 353 1374 394 XXVIII,
1397 363 1451 395 39,
1474 361 1511 395 7:
1533 359 1598 388 ut.
1615 381 1622 388 .
1639 381 1645 387 .
1661 381 1668 388 .
1685 354 1852 388 alterum
1875 354 1977 388 exci-

200 420 308 456 dium
335 418 483 462 patriae
512 416 747 455 videremus,
776 426 845 449 nee
877 413 925 447 ad
954 410 1168 454 perniciem
1197 415 1551 445 nostram....aut
1580 410 1677 444 duee
1707 415 1773 444 aut
1803 409 1976 444 exercitu

198 488 298 520 opus
323 486 420 510 esse.

312 531 386 566 Inf.
411 530 480 564 fut.
505 539 590 571 gen.
614 533 686 562 act.
713 538 780 560 sex
804 523 901 559 locis
924 522 1137 563 invenitur;
1163 521 1230 556 inf.
1255 521 1416 564 gerund.
1441 520 1657 563 quinquies.

309 587 421 621 viso:
457 585 532 624 III,
566 583 620 624 68,
653 592 690 616 2:
726 593 773 615 ex
806 579 928 614 muris
961 578 1076 613 visite
1110 589 1228 620 agros
1262 583 1419 612 vestros
1452 576 1558 612 ferro
1593 576 1753 619 ignique
1786 582 1976 618 vastatos,

197 643 384 687 praedam
411 639 527 682 abigi,
553 639 704 673 fumare
730 636 890 671 incensa
916 634 1064 677 passim
1091 640 1205 669 tecta.

266 756 317 795 Β.
378 754 526 792 Verba
555 762 674 799 quae
703 749 1039 799 perceptionem
1069 747 1348 795 cogitatione
1375 747 1590 786 effectam
1620 746 1903 794 exprimunt.

306 857 348 897 A
382 855 614 905 Draegero
649 864 738 892 non
773 850 1015 891 laudantur
1047 849 1157 890 haec
1190 848 1350 889 verba:
1386 854 1667 900 compertum
1701 847 1859 896 habeo,
1893 860 1974 900 pro

195 928 427 974 comperto
460 921 618 968 habeo,
653 918 819 966 divino,
855 917 1043 969 excipio,
1078 916 1361 968 exploratum
1397 915 1555 964 habeo,
1591 921 1713 963 noto,
1749 915 1974 968 praecipio

195 990 360 1037 animo,
387 987 637 1041 praesagio,
665 985 881 1038 praescio,
908 984 1136 1036 provideo.

308 1055 480 1096 Ibidem
513 1054 702 1094 mullum
734 1052 923 1092 affertur
954 1051 1209 1102 exemplum
1244 1049 1482 1090 Livianum
1515 1049 1675 1089 horum
1709 1048 1973 1089 verborum:

194 1123 395 1170 adverto,
419 1133 631 1174 agnosco,
657 1119 794 1167 disco,
821 1118 1038 1170 experior,
1065 1117 1237 1169 ignoro.

307 1210 488 1252 accipio:
517 1209 556 1243 in
588 1208 733 1243 decade
764 1206 890 1249 prima
921 1205 1092 1240 sedecim
1123 1204 1220 1240 locis
1250 1203 1393 1246 legitur
1423 1204 1495 1239 hoc
1528 1204 1704 1245 verbum,
1734 1203 1774 1238 in
1805 1203 1976 1238 secunda

195 1267 333 1303 novies
358 1265 566 1306 invenitur,
592 1264 632 1298 in
659 1270 796 1306 quarta
823 1262 980 1304 septies,
1005 1261 1045 1296 in
1072 1260 1208 1303 quinta
1233 1259 1371 1295 sexies.

306 1323 501 1357 adverto:
524 1320 671 1361 XLIV,
691 1319 747 1362 46,
766 1330 804 1361 4:
827 1318 945 1353 situm
964 1317 1072 1352 urbis
1094 1316 1265 1359 undique
1287 1315 1493 1359 aspiciens,
1515 1326 1632 1358 quam
1654 1327 1734 1350 non
1755 1315 1838 1350 sine
1859 1326 1977 1351 causa

196 1380 390 1414 delectam
418 1389 504 1413 esse
532 1376 681 1418 regiam
710 1374 889 1410 advertit.

307 1443 507 1476 agnosco:
531 1431 718 1472 XXXIV,
739 1431 795 1472 61,
817 1440 854 1472 3:
877 1429 1036 1464 instruit
1059 1428 1177 1464 etiam
1201 1427 1363 1463 secretis
1386 1427 1503 1469 notis,
1524 1439 1593 1470 per
1616 1439 1711 1470 quas
1734 1427 1837 1463 haud
1861 1426 1976 1463 dubie

195 1495 459 1532 agnoscerent
486 1500 554 1523 sua
579 1488 764 1522 mandata
790 1498 887 1521 esse.

308 1545 620 1580 animadverto:
657 1542 753 1578 locis
786 1541 926 1584 viginti
962 1540 1131 1583 quinque
1166 1539 1362 1575 invenitur
1399 1540 1472 1574 hoc
1506 1540 1671 1574 verbum
1705 1539 1831 1575 active
1864 1551 1976 1574 usur-

196 1608 342 1646 patum.
398 1600 568 1636 Locutio
598 1599 796 1634 “animum
826 1598 1013 1632 adverto’'
1044 1603 1173 1632 exstat
1204 1595 1326 1637 XLV,
1355 1605 1387 1638 5,
1417 1606 1454 1630 2:
1486 1607 1574 1630 cum
1604 1595 1643 1630 in
1671 1596 1859 1632 contione
1890 1609 1976 1632 esse

197 1658 387 1702 populum
418 1656 720 1691 Samothracum
750 1653 925 1689 animum
955 1652 1202 1688 advertisset.

307 1721 532 1755 cognosco:
561 1710 687 1746 active
715 1716 947 1752 usurpatum
977 1708 1106 1743 minus
1135 1719 1251 1750 saepe
1280 1719 1368 1743 cum
1396 1719 1473 1742 acc.
1502 1718 1593 1742 cum
1620 1706 1687 1741 inf.
1716 1705 1816 1742 coni.
1846 1711 1977 1741 exstat

195 1770 270 1805 hoc
291 1769 456 1804 verbum
480 1778 595 1809 quam
617 1765 783 1809 passive.
829 1765 1007 1799 Verbum
1029 1763 1201 1799 activum
1223 1763 1366 1806 legitur
1390 1764 1442 1804 II,
1465 1763 1496 1804 6,
1520 1772 1556 1804 73
1580 1763 1628 1804 X,
1649 1772 1705 1804 20,
1727 1762 1764 1804 6;
1790 1762 1838 1803 X,
1861 1771 1916 1803 20,
1937 1761 1975 1804 8;

197 1824 326 1865 XXV,
353 1833 403 1866 13,
431 1833 486 1864 10;
512 1822 725 1863 XXXVII,
751 1830 803 1863 17,
830 1831 862 1862 13
887 1820 1098 1861 XXXVII,
1121 1829 1177 1862 23,
1201 1828 1237 1862 5,
1262 1820 1391 1860 XLII,
1414 1819 1470 1861 65,
1492 1829 1523 1853 2.

307 1879 539 1921 comperio:
565 1877 690 1912 active
715 1883 948 1919 usurpatum
974 1887 1052 1911 acc.
1079 1887 1167 1911 cum
1192 1875 1259 1909 inf.
1286 1874 1386 1910 coni.
1411 1874 1513 1917 regit
1538 1875 1613 1910 hoe
1636 1874 1801 1909 verbum
1827 1873 1896 1915 IV,
1919 1883 1976 1916 39,

197 1937 234 1978 83
261 1936 309 1978 V,
334 1945 390 1978 35,
416 1945 453 1977 3;
479 1934 527 1975 V,
552 1934 608 1976 46,
638 1944 694 1974 11;
723 1933 840 1973 VIII,
866 1942 921 1974 30,
949 1941 986 1974 3;
1015 1932 1062 1973 X,
1093 1940 1145 1973 17,
1175 1941 1208 1973 1;
1237 1931 1347 1972 XXI,
1374 1940 1430 1973 32,
1455 1941 1493 1973 9;
1523 1930 1672 1971 XXIV,
1699 1940 1755 1972 24,
1782 1940 1820 1972 4;
1849 1929 1976 1971 XXV,

197 2004 253 2036 3ο,
285 2003 342 2033 12;
373 1990 523 2031 XXVI,
552 1990 584 2030 8,
617 1999 673 2030 10;
707 1988 881 2029 XXVII,
915 1998 943 2028 1,
977 1998 1033 2029 Ῑ4;
1067 1987 1215 2028 XXIX,
1247 1997 1302 2028 20,
1331 1987 1368 2028 83
1401 1986 1599 2028 XXXIII,
1630 1996 1685 2028 30,
1716 1986 1753 2028 6;
1789 1986 1979 2027 XXXIV,

196 2050 251 2091 62,
273 2058 310 2091 5;
336 2047 467 2088 XLII,
492 2056 544 2088 13,
566 2045 602 2087 6;
627 2045 756 2085 XLII,
778 2054 833 2086 41,
855 2044 893 2085 8;
918 2044 1039 2084 XLV,
1062 2053 1117 2085 44,
1144 2053 1194 2077 11.

307 2105 568 2145 compertum
594 2101 744 2135 habeo:
772 2100 848 2140 III,
873 2099 928 2141 48,
956 2110 989 2133 1:
1015 2105 1265 2142 compertum
1291 2110 1331 2133 se
1356 2099 1499 2133 habere
1525 2104 1642 2133 nocte
1667 2104 1752 2133 tota
1774 2104 1912 2133 coetus
1937 2097 1977 2132 in

195 2162 291 2196 urbe
319 2160 448 2194 factos
475 2169 560 2192 esse
588 2158 635 2191 ad
662 2156 899 2190 movendam
928 2155 1179 2196 seditionem;
1207 2154 1325 2196 VIII,
1352 2164 1407 2196 23,
1434 2165 1470 2196 23
1500 2154 1651 2195 XXVI,
1678 2162 1734 2196 45,
1762 2162 1797 2196 7;
1828 2153 1977 2194 XXVI,

196 2213 252 2255 48,
278 2223 334 2255 13;
359 2212 547 2254 XXXIV,
569 2222 625 2254 32,
648 2212 685 2253 6;
712 2211 858 2252 XLIV,
885 2220 936 2253 15,
959 2221 990 2253 3.

309 2279 385 2311 pro
413 2271 629 2310 comperto
656 2268 806 2302 habeo:
834 2267 1004 2307 XXVII,
1031 2266 1086 2308 36,
1112 2277 1149 2309 4:
1178 2278 1248 2309 pro
1277 2272 1482 2309 comperto
1512 2267 1655 2301 habere
1684 2266 1977 2301 Hasdrubalem

197 2352 204 2359 .
221 2353 226 2359 .
244 2353 250 2358 .
267 2353 273 2358 .
291 2325 412 2366 Alpes
440 2324 707 2364 traiecturum,
734 2336 803 2358 nec
831 2330 914 2358 tum
942 2335 1029 2358 eum
1058 2322 1266 2365 quicquam
1293 2322 1396 2357 aliud
1423 2322 1579 2357 morari.

308 2381 489 2415 Alterum
511 2380 625 2414 huius
648 2380 754 2414 modi
779 2379 990 2414 locutionis
1013 2391 1092 2414 non
1116 2378 1245 2412 inveni
1270 2378 1504 2420 exemplum.

307 2436 440 2470 disco:
464 2436 557 2476 VII,
579 2447 610 2477 4,
634 2446 670 2477 5:
695 2435 804 2470 ubi..
823 2464 851 2469 ..
877 2435 1027 2469 iuvenis
1052 2434 1249 2469 cotidiana
1274 2434 1431 2468 miseria
1455 2434 1623 2469 disceret
1646 2445 1737 2468 vere
1761 2433 1974 2476 imperioso

197 2498 307 2534 patre
332 2504 370 2526 se
394 2498 529 2526 natum
552 2503 648 2526 esse.

310 2547 472 2582 dlvino:
506 2547 573 2588 IV,
604 2558 635 2588 2,
665 2557 702 2589 9:
737 2547 767 2581 si
799 2546 1043 2582 divinassent
1073 2546 1328 2581 concedendo
1360 2545 1493 2581 omnia
1525 2557 1604 2581 non
1634 2545 1833 2580 mitiorem
1864 2545 1902 2580 in
1934 2557 1975 2580 se

196 2606 350 2648 plebem
376 2606 443 2639 sed
468 2603 731 2645 asperiorem.
749 2631 778 2637 ..
796 2631 801 2636 .
819 2603 1002 2637 futuram.

308 2666 454 2702 quaest.
480 2661 556 2694 obl.
582 2660 663 2699 XL,
687 2659 742 2700 36,
769 2669 795 2692 1.

308 2717 477 2750 doceor:
502 2716 553 2755 ΙΙ,
575 2725 630 2756 32,
650 2725 687 2748 2:
710 2716 872 2749 doctos.
890 2742 896 2748 .
914 2742 919 2748 .
937 2714 1106 2748 ‚nullam
1129 2714 1275 2748 scelere
1297 2713 1530 2755 religionem
1552 2712 1719 2754 exsolvi;
1745 2713 1815 2754 IX,
1841 2723 1892 2755 14,
1916 2723 1973 2755 13:

195 2780 237 2807 ut
265 2773 473 2806 doceretur
503 2771 614 2804 miles
644 2770 802 2804 minime
832 2769 1013 2811 cuiquam
1043 2769 1211 2803 militum
1241 2769 1424 2804 consules
1453 2769 1545 2804 odio
1574 2768 1612 2803 in
1642 2769 1777 2804 hostes
1806 2768 1973 2803 cessisse

195 2834 261 2861 aut
289 2838 487 2867 cessur0s;
518 2827 587 2867 IX,
614 2836 668 2867 4ο,
695 2837 732 2867 4;
761 2825 867 2860 docti
895 2837 916 2860 a
944 2825 1107 2860 ducibus
1135 2831 1245 2859 erant
1273 2824 1476 2859 horridum
1504 2824 1669 2859 militem
1698 2836 1784 2859 esse
1811 2825 1971 2866 debere;

307 2883 501 2916 edoceor:
536 2882 648 2921 XXI,
679 2891 733 2923 32,
769 2892 824 2915 10:
859 2882 1022 2916 edoctus
1054 2881 1223 2915 interdiu
1256 2887 1409 2915 tantum
1442 2880 1614 2915 obsideri
1647 2881 1806 2922 saltum,
1841 2881 1972 2922 XXII,

192 2947 242 2979 13,
263 2947 299 2980 5:
322 2938 484 2972 edoctus
505 2949 525 2971 a
546 2937 681 2979 peritis
702 2937 919 2978 regionum,
942 2937 971 2971 si
993 2948 1080 2971 eum
1103 2937 1244 2971 saltum
1265 2943 1508 2978 occupasset,
1530 2936 1677 2970 exitum
1699 2938 1879 2971 Romano
1897 2964 1902 2970 .
1920 2964 1925 2970 .
1943 2964 1949 2970 .
1966 2964 1973 2970 .

1062 3022 1100 3044 22
