2174 3220
1008 851 1255 898 VITA

355 1004 501 1045 Natus
536 1019 635 1045 sum
673 1005 929 1045 Bernardus
966 1005 1439 1047 Franzen-Swedelius
1475 1021 1511 1047 a.
1547 1007 1587 1047 d.
1623 1007 1740 1048 XIII
1778 1009 1877 1048 Kal.
1914 1007 2020 1049 Mai.

240 1072 370 1113 Anno
406 1073 579 1113 Domini
618 1073 1044 1114 MDCCCLXXXV
1080 1087 1212 1126 prope
1251 1075 1470 1114 Holmiam
1506 1081 1633 1126 caput
1672 1074 1861 1123 Sueciae,
1899 1082 2019 1127 patre

240 1140 415 1181 Andrea
445 1141 480 1180 F
484 1154 640 1181 ranzen
669 1148 709 1181 et
737 1148 873 1181 matre
903 1141 1070 1193 Agnete
1099 1141 1290 1182 Carlotta
1322 1141 1553 1182 Catharina
1584 1143 1807 1191 Swedelia,
1837 1156 2019 1194 quorum

242 1208 359 1249 iuvat
391 1208 614 1248 amborum
647 1209 876 1249 adservare
909 1209 1094 1249 nomina.
1158 1209 1302 1249 Mater
1335 1223 1403 1249 me
1437 1210 1643 1250 elementa
1677 1210 1833 1258 docuit,
1868 1210 2019 1251 deinde

242 1276 296 1316 ab
337 1276 577 1328 incipiente
617 1289 734 1315 anno
775 1277 948 1316 decimo
971 1276 1228 1317 mandatus
1268 1291 1366 1317 sum
1408 1278 1647 1328 gymnasio
1686 1278 1809 1318 urbis
1850 1278 2021 1318 Mariae

241 1343 385 1383 dictae
407 1344 521 1383 inter
542 1344 722 1385 Suecos.
773 1344 844 1383 Ab
866 1357 983 1383 anno
1006 1344 1271 1383 duodecimo
1293 1358 1434 1395 usque
1457 1345 1511 1384 ad
1534 1345 1775 1396 septimum
1799 1345 2020 1386 decimum

242 1410 446 1451 scholaris
476 1411 540 1451 fui
569 1411 749 1453 Scholae
776 1411 1001 1452 Carolinae
1028 1411 1393 1463 Oerebrogiensis‚
1423 1412 1463 1451 in
1492 1425 1619 1463 quam
1646 1413 1795 1452 urbem
1822 1419 2019 1464 parentes

243 1479 616 1530 transmigrarunt.
689 1479 772 1519 His
814 1479 936 1519 annis
979 1479 1184 1530 paulatim
1227 1479 1413 1519 imbutus
1458 1493 1551 1519 sum
1594 1493 1739 1520 amore
1780 1480 2018 1520 litterarum

237 1543 493 1584 Latinarum
526 1543 879 1597 Graecarumque
904 1546 1141 1598 praecipue
1187 1546 1304 1597 apud
1348 1545 1487 1585 virum
1528 1547 1839 1587 doctissimum
1888 1548 2019 1599 Lyth.

242 1613 353 1652 Post
377 1613 634 1653 absolutum
661 1627 848 1653 examen
875 1614 1148 1654 maturitatis
1174 1614 1228 1653 ad
1255 1614 1594 1654 universitatem
1622 1615 1849 1665 profectus
1876 1616 2021 1667 Upsa-

244 1680 432 1728 liensem,
490 1680 641 1720 studiis
699 1681 866 1721 deditus
925 1694 1018 1721 sum
1075 1682 1262 1721 maxime
1318 1681 1584 1733 philologieis
1642 1682 1857 1734 magistris
1914 1695 2016 1722 usus

240 1747 472 1799 Almquist
501 1748 749 1788 Danielson
781 1749 964 1795 Person,
994 1749 1156 1800 quibus
1187 1749 1293 1789 viris
1319 1747 1583 1787 doctissimis
1611 1751 1696 1790 hoc
1727 1750 1860 1790 modo
1890 1763 2022 1802 agere

242 1815 349 1854 libet
374 1815 556 1867 gratias.
611 1816 770 1855 Annos
798 1822 930 1855 natus
958 1816 1118 1867 viginti
1146 1817 1189 1856 in
1218 1817 1473 1856 American]
1503 1817 1834 1868 transmigra-vi.
1894 1817 2022 1858 Libe-

241 1882 407 1923 ralitate
446 1883 670 1923 doctorum
707 1884 997 1923 universitatis
1038 1883 1286 1924 Columbiae
1326 1884 1727 1926 Neo-Eboracensis
1766 1884 1884 1924 brevi
1923 1890 2020 1936 post

241 1950 484 1990 adventum
509 1950 750 1990 adsecutus
775 1964 873 1990 sum
900 1951 1160 1990 facultatem
1187 1951 1245 1990 ibi
1271 1951 1741 2002 persequendi-studia
1766 1951 2020 2002 linguarum

242 2016 429 2057 Graecae
473 2024 513 2058 et
559 2018 748 2066 Latinae,
794 2018 1041 2059 docentibus
1085 2018 1199 2058 Peck
1243 2018 1404 2070 Egbert
1449 2019 1595 2070 Lodge
1640 2018 1827 2059 McCrea
1873 2018 2019 2059 Olcott

242 2084 382 2136 Perry
419 2085 632 2125 Wheeler
668 2085 836 2137 Young
871 2086 1080 2125 omnibus
1118 2086 1171 2125 de
1223 2086 1395 2125 advena
1448 2092 1606 2137 egente
1659 2099 1836 2136 quoque
1887 2086 2020 2125 modo

240 2152 408 2203 optime
436 2152 619 2199 meritis,
647 2165 837 2204 quorum
864 2167 947 2204 ope
973 2159 1017 2193 et
1043 2153 1230 2193 consilio
1257 2153 1455 2204 quotidie
1483 2153 1673 2192 multum
1701 2152 1881 2192 adiutus
1906 2152 2021 2192 hanc

241 2232 423 2270 operam
453 2220 775 2260 consummavi.
