2174 3220
359 153 419 188 id:
449 164 551 188 num.
584 152 681 195 sing.
713 153 826 188 huius
856 152 1102 195 pronominis
1133 153 1328 189 invenitur
1359 153 1456 189 locis
1486 154 1573 197 plus
1603 153 1759 197 viginti;
1790 165 1893 189 num.
1925 155 2021 198 plur.

248 209 390 252 legitur
414 209 480 250 IV,
503 219 534 251 3,
557 219 595 251 9:
620 221 668 243 ne
693 221 736 243 ea
760 208 917 251 quidem
942 209 1086 244 scimus
1103 237 1109 244 .
1126 238 1132 244 .
1149 238 1156 243 .
1172 238 1178 244 .
1196 210 1379 244 eonsules
1403 209 1442 244 in
1467 209 1597 245 locum
1622 221 1759 252 regum
1784 210 2022 246 successisse

247 277 316 301 nec
341 272 407 300 aut
431 265 526 299 iuris
552 271 617 299 aut
642 264 859 299 maiestatis
885 265 1039 305 habere,
1065 265 1169 308 quod
1195 278 1275 301 non
1299 265 1338 300 in
1364 265 1522 307 regibus
1547 271 1637 301 ante
1663 265 1790 301 fuerit.

357 321 479 355 illud:
507 332 609 355 num.
637 320 734 362 sing.
762 320 950 355 tredecim
975 321 1072 356 locis
1100 321 1258 364 legitur;
1287 333 1389 355 num.
1416 322 1512 364 plur.
1540 321 1675 356 tribus.

358 377 432 412 hoc
460 377 582 412 illud:
610 376 731 419 praef.
762 387 818 411 10:
847 377 919 412 hoc
947 376 1041 412 illud
1069 384 1129 413 est
1155 377 1362 420 praecipue
1389 377 1428 412 in
1453 377 1682 419 cognitione
1710 388 1841 413 rerum
1868 378 2023 414 salubre

247 445 287 468 ac
328 432 574 475 frugiferum,
613 431 743 468 omnis
781 439 818 467 te
857 432 1026 475 exempli
1063 434 1301 468 documenta
1339 433 1378 468 in
1416 433 1559 468 illustri
1596 433 1726 476 posita
1763 440 2023 470 monumento

246 486 398 522 intueri.

358 543 485 578 istuct
518 555 620 578 num.
654 543 751 586 sing.
783 551 995 587 usurpatur
1026 545 1219 586 XXVIII,
1250 545 1305 586 28,
1340 555 1397 580 11:
1430 556 1477 580 ne
1507 544 1607 580 istuc
1642 544 1818 588 Iuppiter
1849 545 2023 589 optimus

246 598 440 633 maximus
471 599 567 640 sirit,
595 600 733 635 urbem
761 600 963 643 auspicato
994 600 1076 635 deis
1106 600 1332 635 auctoribus
1364 600 1402 635 in
1431 606 1634 636 aeternum
1663 601 1864 637 conditam
1893 602 2023 645 fragili

245 654 331 689 huic
362 661 399 690 et
426 655 583 690 mortali
611 655 767 698 corpori
795 656 998 698 aequalem
1026 668 1128 697 esse;
1158 668 1260 690 num.
1288 657 1384 699 plur.
1415 663 1544 692 exstat
1571 657 1616 697 X,
1643 657 1675 697 8,
1700 667 1738 699 9:
1767 669 1922 701 semper
1949 657 2024 693 ista

245 710 377 745 audita
400 717 490 745 sunt
512 712 659 752 eadem,
682 723 801 754 penes
823 724 894 746 vos
919 711 1091 754 auspicia
1113 724 1210 753 esse,
1233 724 1305 747 vos
1329 713 1436 747 solos
1459 718 1618 755 gentem
1642 713 1796 755 habere,
1819 725 1891 749 vos
1915 714 2023 749 solos

245 765 391 801 iustum
418 766 625 809 imperium
653 773 690 802 et
716 766 933 809 auspicium
961 767 1068 802 domi
1096 767 1345 810 militiaeque.

357 822 484 864 quod:
510 834 613 857 num.
640 822 737 866 sing.
764 823 961 858 invenitur
988 823 1134 864 XXVI,
1159 834 1214 866 44,
1239 824 1275 865 6;
1304 823 1494 866 XXVIII,
1519 832 1574 867 25,
1604 833 1660 867 15;
1689 824 1855 867 XXXV,
1880 835 1936 868 49,
1965 835 2022 868 13;

246 877 457 918 XXXVII,
479 889 536 920 29,
559 889 596 921 9;
622 879 750 920 XLII,
774 888 804 920 7,
827 879 858 913 6.

357 945 459 968 num.
486 934 582 976 plur.
608 940 737 969 exstat
762 934 887 976 XXV,
911 935 966 976 28,
995 946 1027 970 1:
1054 934 1247 977 XXVIII,
1271 945 1325 977 31,
1354 946 1380 970 1.

357 1000 503 1024 unum:
525 990 651 1031 XXV,
672 1000 728 1033 33,
750 1001 787 1032 2;
812 991 958 1031 XXVI,
980 1001 1012 1032 2,
1034 1000 1065 1033 5.

357 1048 597 1088 utrumque:
626 1046 782 1087 XXIII,
808 1056 863 1088 31,
889 1047 927 1082 8:
955 1053 1165 1090 utrumque
1192 1060 1211 1083 e
1238 1060 1278 1083 re
1305 1047 1460 1090 publica
1487 1047 1707 1084 fuit....et
1735 1050 1787 1084 M.
1818 1049 2024 1085 Claudium

245 1128 252 1135 .
268 1128 274 1134 .
292 1128 297 1135 .
315 1129 321 1135 .
338 1100 376 1135 in
400 1101 655 1145 Campaniam
678 1102 874 1145 proficisci
897 1109 934 1138 et
958 1103 1117 1138 comitia
1140 1115 1219 1139 non
1240 1103 1348 1146 prius
1371 1103 1480 1139 edici.

1103 2997 1144 3033 50
