2070 3256
306 530 599 583 Aliquamdiu
640 531 683 571 in
726 531 886 572 studiis
927 537 1133 572 versatus
1174 531 1480 583 grammaticis
1522 531 1672 572 inveni
1712 544 1826 584 opus
1867 545 1965 573 esse

197 598 574 638 commentatione
596 598 650 639 de
673 598 716 639 vi
740 604 785 639 et
806 611 890 639 usu
914 598 1121 639 infinitivi
1145 598 1263 650 apud
1290 597 1481 639 Livium.
1534 597 1648 639 Cum
1674 598 1781 638 mihi
1806 598 1965 639 deinde

195 664 239 704 in
264 678 423 705 manus
446 665 644 705 venisset
667 665 714 706 P.
739 665 933 705 Mennae
957 665 1010 705 de
1034 665 1241 705 infinitivi
1266 665 1383 716 apud
1409 665 1604 705 Plinium
1631 664 1854 705 Minorem
1880 679 1963 706 usu

195 730 452 771 dissertatio
479 731 817 772 Rostochiensis
850 730 1109 783 (MCMII),
1137 732 1231 772 eius
1258 731 1394 772 libelli
1422 732 1716 783 dispositione
1743 732 1963 772 adductus

195 798 465 849 perscrutari
508 798 646 838 statui
689 798 789 850 quis
832 804 951 838 esset
993 798 1111 849 apud
1158 797 1334 838 Livium
1379 812 1487 839 usus
1532 798 1752 838 infinitivi.
1826 798 1961 839 Haud

194 863 406 916 ignorans
432 870 582 905 autem
607 864 1111 905 commentatiunculam
1138 864 1271 905 huius
1299 865 1419 905 modi
1447 865 1534 905 iam
1561 865 1821 917 apparuisse
1848 865 1963 905 hanc

193 944 367 982 operam
402 931 557 982 occepi,
595 932 667 970 sed
705 944 892 982 sperans,
930 931 963 970 si
1002 930 1092 971 fieri
1128 931 1274 982 possit,
1311 931 1469 982 aliquid
1506 945 1573 971 me
1609 932 1854 972 additurum
1891 933 1964 979 eis,

193 1010 300 1048 quae
355 998 405 1037 de
458 998 536 1037 hac
590 1011 634 1037 re
687 998 1030 1048 conscripserunt
1083 998 1326 1048 Draegerus
1380 997 1647 1038 Kiihnastius
1703 998 1964 1038 Riemannus

191 1064 368 1116 aliique.
422 1063 591 1116 Quanti
618 1064 896 1104 aestimanda
921 1064 1012 1105 sint
1037 1063 1344 1105 additamenta
1368 1065 1502 1105 velim
1531 1065 1625 1105 sine
1652 1065 1716 1105 ira
1741 1071 1786 1105 et
1811 1065 1960 1105 studio

192 1131 420 1171 diiudices.

301 1197 354 1236 In
382 1197 600 1249 principio
628 1210 716 1237 non
744 1197 921 1238 videtur
950 1197 1003 1237 ab
1033 1211 1078 1237 re
1107 1211 1218 1245 esse,
1246 1198 1282 1238 si
1311 1197 1364 1238 de
1394 1198 1601 1238 infinitivi
1630 1205 1789 1238 natura
1817 1212 1959 1250 pauca

190 1264 544 1316 praemittamus.
601 1263 703 1316 Qua
731 1264 784 1304 de
812 1278 857 1305 re
885 1265 967 1304 etsi
996 1264 1198 1305 diversae
1227 1264 1301 1305 diu
1331 1271 1457 1304 erant
1485 1265 1732 1305 sententiae
1760 1265 1958 1305 virorum

190 1331 438 1378 doctorum,
475 1344 593 1371 nunc
631 1331 809 1382 quidem
847 1331 963 1370 inter
1000 1331 1237 1382 plerosque
1275 1331 1485 1371 convenit
1522 1332 1660 1371 dativi
1698 1331 1957 1372 facultatem

189 1397 334 1437 inesse
354 1397 588 1437 infinitivo.
640 1397 855 1437 Dativum
878 1403 1027 1437 autem
1049 1411 1150 1437 cum
1171 1403 1347 1437 constet
1369 1398 1412 1436 in
1434 1397 1624 1437 dialecto
1645 1398 1801 1438 vedica
1823 1398 1958 1450 signi-

189 1464 320 1504 ficare
349 1464 589 1504 terminum
619 1464 663 1503 in
691 1477 823 1515 quem
853 1464 1014 1515 aliquis
1044 1470 1122 1504 aut
1149 1464 1348 1515 corporis
1378 1470 1455 1504 aut
1484 1464 1618 1503 animi
1650 1471 1773 1505 motu
1804 1464 1958 1512 fertur,

189 1537 539 1570 consentaneum
562 1537 629 1570 est
651 1531 919 1570 infinitivum
942 1537 1045 1582 post
1065 1530 1201 1570 verba
1223 1537 1265 1570 et
1289 1531 1459 1570 externi
1483 1538 1527 1570 et
1548 1531 1709 1570 interni
1734 1538 1881 1571 motus
1905 1532 1959 1571 ad

188 1595 315 1636 finem
346 1596 670 1648 significandum
698 1597 901 1637 adhiberi.
958 1596 1023 1636 Ac
1052 1610 1096 1637 re
1124 1610 1225 1637 vera
1255 1596 1321 1637 hic
1349 1610 1450 1636 usus
1481 1597 1522 1636 in
1552 1597 1724 1648 antiqua
1754 1596 1959 1637 latinitate

188 1663 298 1704 satis
324 1676 455 1715 saepe
482 1663 720 1703 invenitur.
774 1663 846 1703 Ab
872 1663 956 1704 hoc
982 1676 1089 1704 vero
1116 1677 1250 1704 sensu
1278 1664 1409 1714 plane
1436 1663 1614 1704 videtur
1640 1663 1878 1703 abhorrere
1907 1664 1957 1711 is,

189 1744 276 1782 quo
306 1736 550 1782 usurpatur
579 1730 826 1770 infinitivus
857 1731 901 1770 in
933 1730 1280 1777 constructione,
1312 1744 1424 1782 quae
1455 1736 1642 1770 vocatur
1673 1729 1956 1770 accusativus

187 1810 284 1836 cum
323 1797 401 1836 inf.
442 1797 703 1836 coniunctus.
771 1797 835 1836 De
873 1810 955 1846 qua
994 1797 1065 1847 qui
1104 1797 1336 1836 recentiore
1375 1803 1510 1836 aetate
1551 1796 1823 1847 scripserunt,
1862 1809 1958 1847 par-

188 1863 267 1903 tim
298 1876 398 1903 cum
428 1862 607 1903 nomine
637 1863 777 1903 artius
806 1863 1086 1914 coniungunt
1114 1862 1300 1903 verbum
1332 1876 1505 1914 regens,
1535 1863 1696 1914 partim
1728 1876 1828 1903 cum
1861 1863 1955 1902 infi-

188 1929 341 1969 nitivo.
412 1928 610 1969 Maxime
651 1935 800 1969 autem
843 1942 995 1969 eorum
1036 1929 1214 1969 videtur
1253 1929 1429 1980 probari
1471 1929 1707 1975 sententia,
1748 1929 1822 1980 qui
1865 1941 1954 1968 non

187 2009 343 2036 omnes
375 1995 618 2035 accusativi
651 2009 752 2035 cum
785 1995 861 2035 inf.
896 1994 1007 2035 coni.
1040 2009 1148 2036 usus
1182 2009 1310 2046 pares
1344 2009 1440 2036 esse
1475 1995 1720 2046 eodemque
1753 2001 1954 2045 ternpore

186 2068 310 2102 ortos
335 2061 607 2109 existimant,
631 2061 709 2101 sed
735 2061 845 2102 alios
871 2061 1040 2113 priores
1066 2067 1209 2109 natos,
1235 2062 1345 2102 alios
1372 2062 1641 2113 posteriores
1668 2075 1721 2101 ex
1747 2061 1954 2112 analogia

186 2129 383 2179 priorum
417 2127 710 2166 introductos.
770 2127 996 2178 Imprimis
1027 2127 1071 2166 in
1103 2128 1254 2178 lingua
1286 2141 1445 2178 graeca
1479 2127 1529 2168 G.
1563 2126 1744 2167 Curtius
1777 2141 1955 2167 accusa-

186 2195 328 2234 tivum
354 2207 454 2234 cum
480 2193 557 2233 inf.
583 2194 695 2233 coni.
721 2200 873 2233 censet
897 2194 1041 2245 primo
1066 2207 1154 2234 non
1181 2207 1277 2234 esse
1303 2194 1551 2234 adhibitum
1579 2194 1663 2234 nisi
1690 2200 1792 2245 post
1816 2193 1953 2233 verba

186 2259 403 2300 efficiendi
425 2266 470 2300 et
490 2260 678 2307 dicendi,
700 2274 812 2312 quae
836 2273 988 2312 regere
1010 2261 1315 2301 accusativum
1339 2261 1643 2312 intelligamus
1667 2273 1720 2300 ex
1743 2260 1951 2311 prolepsi‚

185 2339 293 2377 quae
323 2332 512 2373 vocatur,
543 2326 597 2365 ad
629 2333 767 2366 cetera
799 2333 939 2366 autem
971 2327 1111 2373 verba,
1144 2327 1329 2366 maxime
1361 2328 1414 2366 ad
1448 2326 1745 2376 impersonalia
1777 2327 1954 2365 eandem

185 2392 542 2432 constructionem
588 2393 791 2443 paulatim
839 2393 1057 2443 analogiae
1103 2393 1145 2432 vi
1192 2406 1282 2432 esse
1328 2393 1560 2432 traslatam.
1637 2392 1755 2432 Idem
1803 2393 1953 2431 cadere

185 2458 229 2497 in
267 2459 464 2510 linguam
502 2459 685 2498 latinam
722 2460 819 2499 vult
854 2459 974 2510 Jolly
1010 2473 1152 2510 neque
1189 2459 1396 2499 dissentit
1434 2459 1658 2505 Barthius‚
1695 2459 1797 2509 quia
1834 2459 1951 2509 apud

183 2531 340 2576 poetas
375 2532 549 2565 veteres
585 2525 813 2566 scaenicos
849 2525 1027 2577 saepius
1064 2532 1166 2577 post
1202 2525 1338 2566 verba
1374 2525 1615 2577 cogitandi,
1652 2525 1840 2572 dicendi,
1877 2538 1949 2565 cu-

183 2592 325 2642 piendi
355 2592 501 2631 eadem
532 2604 639 2642 quae
672 2592 711 2630 in
746 2591 908 2632 Gracco
941 2592 1153 2631 invenitur
1183 2592 1402 2643 prolepsis.
1464 2592 1558 2631 Hac
1589 2605 1691 2632 vero
1723 2591 1884 2632 ratione
1917 2591 1951 2631 si

183 2657 360 2697 videtur
395 2657 463 2697 ius
500 2658 623 2697 reddi
661 2658 930 2703 accusativo,
967 2671 1056 2698 non
1095 2659 1198 2697 item
1238 2658 1470 2702 infinitivo,
1508 2657 1616 2697 nihil
1655 2658 1814 2696 mirum
1853 2671 1948 2697 esse

183 2730 335 2764 monet
360 2723 585 2772 Barthius,
611 2724 647 2765 si
672 2738 717 2765 re
740 2737 846 2765 vera
870 2724 1117 2765 infinitivus
1143 2724 1278 2765 fuerit
1303 2724 1480 2764 dativus
1507 2731 1584 2765 aut
1608 2724 1791 2764 omnino
1816 2736 1946 2764 casus

182 2790 295 2839 quod
343 2790 452 2829 idem
499 2791 675 2830 verbum
723 2791 906 2831 induerit
952 2791 1239 2831 accusativum
1286 2791 1436 2831 obiecti
1484 2791 1603 2841 quasi
1651 2791 1861 2842 propioris
1909 2796 1950 2830 et

182 2853 382 2896 dativum
411 2857 572 2897 obiecti
602 2858 727 2908 quasi
758 2858 1022 2898 remotioris.
1081 2858 1181 2898 Hoc
1211 2863 1359 2899 autem
1390 2857 1523 2898 modo
1552 2863 1817 2909 usurpatum
1848 2869 1945 2897 esse

1055 2954 1070 2988 5
