<?xml version="1.0" encoding="UTF-8"?>
<!DOCTYPE html PUBLIC "-//W3C//DTD XHTML 1.0 Transitional//EN"
    "http://www.w3.org/TR/xhtml1/DTD/xhtml1-transitional.dtd">
<html xmlns="http://www.w3.org/1999/xhtml" xml:lang="en" lang="en">
 <head>
  <title>
</title>
<meta http-equiv="Content-Type" content="text/html;charset=utf-8" />
  <meta name='ocr-system' content='tesseract 3.04.00' />
  <meta name='ocr-capabilities' content='ocr_page ocr_carea ocr_par ocr_line ocrx_word'/>
</head>
<body>
  <div class='ocr_page' id='page_1' title='image "./deusuaccusativic00franuoft_0051.png"; bbox 0 0 2174 3220; ppageno 0'>
   <div class='ocr_carea' id='block_1_1' title="bbox 0 193 28 1541">
    <p class='ocr_par' dir='ltr' id='par_1_1' title="bbox 0 193 28 1541">
     <span class='ocr_line' id='line_1_1' title="bbox 0 193 28 1541; baseline 0 0"><span class='ocrx_word' id='word_1_1' title='bbox 0 193 28 1541; x_wconf 95' lang='lat' dir='ltr'> </span> 
     </span>
    </p>
   </div>
   <div class='ocr_carea' id='block_1_2' title="bbox 249 155 2019 481">
    <p class='ocr_par' dir='ltr' id='par_1_2' title="bbox 250 155 2017 254">
     <span class='ocr_line' id='line_1_2' title="bbox 362 155 2017 201; baseline -0.002 -5"><span class='ocrx_word' id='word_1_2' title='bbox 362 159 547 196; x_wconf 85' lang='lat' dir='ltr'>obsides:</span> <span class='ocrx_word' id='word_1_3' title='bbox 570 157 759 199; x_wconf 87' lang='lat' dir='ltr'><strong>XXXIV,</strong></span> <span class='ocrx_word' id='word_1_4' title='bbox 779 165 834 200; x_wconf 83' lang='lat'>35,</span> <span class='ocrx_word' id='word_1_5' title='bbox 859 167 916 192; x_wconf 90' lang='lat'>11:</span> <span class='ocrx_word' id='word_1_6' title='bbox 939 155 1098 192; x_wconf 90' lang='lat' dir='ltr'>obsides</span> <span class='ocrx_word' id='word_1_7' title='bbox 1120 168 1165 191; x_wconf 90' lang='lat' dir='ltr'>ea</span> <span class='ocrx_word' id='word_1_8' title='bbox 1185 156 1238 191; x_wconf 87' lang='lat' dir='ltr'>ita</span> <span class='ocrx_word' id='word_1_9' title='bbox 1260 157 1390 191; x_wconf 77' lang='lat' dir='ltr'>futura</span> <span class='ocrx_word' id='word_1_10' title='bbox 1411 157 1521 192; x_wconf 84' lang='lat' dir='ltr'>daret</span> <span class='ocrx_word' id='word_1_11' title='bbox 1545 157 1729 199; x_wconf 88' lang='lat' dir='ltr'>quinque;</span> <span class='ocrx_word' id='word_1_12' title='bbox 1754 158 1881 200; x_wconf 90' lang='lat' dir='ltr'><strong>XLII,</strong></span> <span class='ocrx_word' id='word_1_13' title='bbox 1903 168 1958 201; x_wconf 86' lang='lat'>39,</span> <span class='ocrx_word' id='word_1_14' title='bbox 1980 157 2017 194; x_wconf 87' lang='lat'>6:</span> 
     </span>
     <span class='ocr_line' id='line_1_3' title="bbox 250 212 1530 254; baseline -0.005 0"><span class='ocrx_word' id='word_1_15' title='bbox 250 218 505 253; x_wconf 86' lang='lat' dir='ltr'>iubebant...</span> <span class='ocrx_word' id='word_1_16' title='bbox 521 244 528 250; x_wconf 94' lang='lat'>.</span> <span class='ocrx_word' id='word_1_17' title='bbox 544 215 703 251; x_wconf 88' lang='lat' dir='ltr'>obsides</span> <span class='ocrx_word' id='word_1_18' title='bbox 730 215 821 248; x_wconf 89' lang='lat' dir='ltr'>dare</span> <span class='ocrx_word' id='word_1_19' title='bbox 847 213 943 248; x_wconf 85' lang='lat' dir='ltr'>nihil</span> <span class='ocrx_word' id='word_1_20' title='bbox 969 212 1117 247; x_wconf 82' lang='lat' dir='ltr'>fraudis</span> <span class='ocrx_word' id='word_1_21' title='bbox 1145 213 1229 247; x_wconf 80' lang='lat' dir='ltr'>fore</span> <span class='ocrx_word' id='word_1_22' title='bbox 1256 213 1294 246; x_wconf 90' lang='lat' dir='ltr'>in</span> <span class='ocrx_word' id='word_1_23' title='bbox 1322 213 1530 254; x_wconf 88' lang='lat' dir='ltr'>colloquio.</span> 
     </span>
    </p>

    <p class='ocr_par' dir='ltr' id='par_1_3' title="bbox 362 269 1061 316">
     <span class='ocr_line' id='line_1_4' title="bbox 362 269 1061 316; baseline -0.009 -8"><span class='ocrx_word' id='word_1_24' title='bbox 362 274 473 316; x_wconf 81' lang='lat' dir='ltr'>Quae</span> <span class='ocrx_word' id='word_1_25' title='bbox 499 272 576 307; x_wconf 92' lang='lat' dir='ltr'>duo</span> <span class='ocrx_word' id='word_1_26' title='bbox 605 271 689 305; x_wconf 91' lang='lat' dir='ltr'>sola</span> <span class='ocrx_word' id='word_1_27' title='bbox 714 269 844 304; x_wconf 81' lang='lat' dir='ltr'>inveni</span> <span class='ocrx_word' id='word_1_28' title='bbox 873 269 1061 311; x_wconf 87' lang='lat' dir='ltr'>exempla.</span> 
     </span>
    </p>

    <p class='ocr_par' dir='ltr' id='par_1_4' title="bbox 249 324 2019 424">
     <span class='ocr_line' id='line_1_5' title="bbox 360 324 2019 368; baseline -0.002 -7"><span class='ocrx_word' id='word_1_29' title='bbox 360 330 525 362; x_wconf 84' lang='lat' dir='ltr'>orator:</span> <span class='ocrx_word' id='word_1_30' title='bbox 548 327 654 367; x_wconf 92' lang='lat' dir='ltr'><strong>XXI,</strong></span> <span class='ocrx_word' id='word_1_31' title='bbox 676 337 731 368; x_wconf 86' lang='lat'>24,</span> <span class='ocrx_word' id='word_1_32' title='bbox 753 336 789 368; x_wconf 83' lang='lat'>3:</span> <span class='ocrx_word' id='word_1_33' title='bbox 811 331 992 361; x_wconf 89' lang='lat' dir='ltr'>oratores</span> <span class='ocrx_word' id='word_1_34' title='bbox 1014 325 1062 359; x_wconf 93' lang='lat' dir='ltr'>ad</span> <span class='ocrx_word' id='word_1_35' title='bbox 1084 325 1242 366; x_wconf 88' lang='lat' dir='ltr'>regulos</span> <span class='ocrx_word' id='word_1_36' title='bbox 1265 336 1401 359; x_wconf 89' lang='lat' dir='ltr'>eorum</span> <span class='ocrx_word' id='word_1_37' title='bbox 1422 324 1528 359; x_wconf 85' lang='lat' dir='ltr'>misit</span> <span class='ocrx_word' id='word_1_38' title='bbox 1552 324 1722 367; x_wconf 85' lang='lat' dir='ltr'>colloqui</span> <span class='ocrx_word' id='word_1_39' title='bbox 1746 330 1870 360; x_wconf 89' lang='lat' dir='ltr'>semet</span> <span class='ocrx_word' id='word_1_40' title='bbox 1890 324 2019 367; x_wconf 86' lang='lat' dir='ltr'>ipsum</span> 
     </span>
     <span class='ocr_line' id='line_1_6' title="bbox 249 379 1578 424; baseline -0.003 -6"><span class='ocrx_word' id='word_1_41' title='bbox 249 395 338 418; x_wconf 90' lang='lat' dir='ltr'>cum</span> <span class='ocrx_word' id='word_1_42' title='bbox 364 383 409 418; x_wconf 91' lang='lat' dir='ltr'>iis</span> <span class='ocrx_word' id='word_1_43' title='bbox 434 383 545 418; x_wconf 88' lang='lat' dir='ltr'>velle.</span> <span class='ocrx_word' id='word_1_44' title='bbox 597 382 676 419; x_wconf 83' lang='lat' dir='ltr'>Cfr.</span> <span class='ocrx_word' id='word_1_45' title='bbox 704 393 820 424; x_wconf 88' lang='lat' dir='ltr'>supra</span> <span class='ocrx_word' id='word_1_46' title='bbox 846 380 1087 416; x_wconf 88' lang='lat' dir='ltr'>locutionem</span> <span class='ocrx_word' id='word_1_47' title='bbox 1113 379 1257 415; x_wconf 89' lang='lat' dir='ltr'>“misso</span> <span class='ocrx_word' id='word_1_48' title='bbox 1286 380 1578 415; x_wconf 87' lang='lat' dir='ltr'>caduceatore.&#39;’</span> 
     </span>
    </p>

    <p class='ocr_par' dir='ltr' id='par_1_5' title="bbox 360 435 2019 481">
     <span class='ocr_line' id='line_1_7' title="bbox 360 435 2019 481; baseline -0.001 -8"><span class='ocrx_word' id='word_1_49' title='bbox 360 439 530 481; x_wconf 86' lang='lat' dir='ltr'>pignus:</span> <span class='ocrx_word' id='word_1_50' title='bbox 560 439 707 479; x_wconf 93' lang='lat' dir='ltr'><strong>XLIII,</strong></span> <span class='ocrx_word' id='word_1_51' title='bbox 742 448 792 478; x_wconf 90' lang='lat'>10,</span> <span class='ocrx_word' id='word_1_52' title='bbox 823 447 860 479; x_wconf 82' lang='lat'>3:</span> <span class='ocrx_word' id='word_1_53' title='bbox 890 443 1111 471; x_wconf 90' lang='lat' dir='ltr'>ut....nec</span> <span class='ocrx_word' id='word_1_54' title='bbox 1141 435 1312 476; x_wconf 91' lang='lat' dir='ltr'>obsides,</span> <span class='ocrx_word' id='word_1_55' title='bbox 1342 435 1484 478; x_wconf 90' lang='lat' dir='ltr'>pignus</span> <span class='ocrx_word' id='word_1_56' title='bbox 1515 435 1670 471; x_wconf 87' lang='lat' dir='ltr'>futuros</span> <span class='ocrx_word' id='word_1_57' title='bbox 1701 436 1810 472; x_wconf 82' lang='lat' dir='ltr'>afore</span> <span class='ocrx_word' id='word_1_58' title='bbox 1840 436 2019 471; x_wconf 82' lang='lat' dir='ltr'>fraudem</span> 
     </span>
    </p>
   </div>
   <div class='ocr_carea' id='block_1_3' title="bbox 247 494 2018 1037">
    <p class='ocr_par' dir='ltr' id='par_1_6' title="bbox 249 494 728 538">
     <span class='ocr_line' id='line_1_8' title="bbox 249 494 728 538; baseline -0.004 -8"><span class='ocrx_word' id='word_1_59' title='bbox 249 495 424 538; x_wconf 82' lang='lat' dir='ltr'><strong>agendae</strong></span> <span class='ocrx_word' id='word_1_60' title='bbox 448 494 513 535; x_wconf 89' lang='lat' dir='ltr'>rei,</span> <span class='ocrx_word' id='word_1_61' title='bbox 536 500 728 537; x_wconf 89' lang='lat' dir='ltr'>posceret.</span> 
     </span>
    </p>

    <p class='ocr_par' dir='ltr' id='par_1_7' title="bbox 361 548 1058 592">
     <span class='ocr_line' id='line_1_9' title="bbox 361 548 1058 592; baseline -0.004 -7"><span class='ocrx_word' id='word_1_62' title='bbox 361 550 479 592; x_wconf 82' lang='lat' dir='ltr'>Quod</span> <span class='ocrx_word' id='word_1_63' title='bbox 509 550 636 584; x_wconf 90' lang='lat' dir='ltr'>solum</span> <span class='ocrx_word' id='word_1_64' title='bbox 667 555 795 584; x_wconf 86' lang='lat' dir='ltr'>exstat</span> <span class='ocrx_word' id='word_1_65' title='bbox 825 548 1058 591; x_wconf 82' lang='lat' dir='ltr'>exemplum.</span> 
     </span>
    </p>

    <p class='ocr_par' dir='ltr' id='par_1_8' title="bbox 361 602 1859 648">
     <span class='ocr_line' id='line_1_10' title="bbox 361 602 1859 648; baseline -0.002 -8"><span class='ocrx_word' id='word_1_66' title='bbox 361 606 556 648; x_wconf 85' lang='lat' dir='ltr'>praedes:</span> <span class='ocrx_word' id='word_1_67' title='bbox 578 605 625 647; x_wconf 89' lang='lat' dir='ltr'>V,</span> <span class='ocrx_word' id='word_1_68' title='bbox 648 613 702 647; x_wconf 87' lang='lat'>55,</span> <span class='ocrx_word' id='word_1_69' title='bbox 724 615 761 647; x_wconf 84' lang='lat'>3:</span> <span class='ocrx_word' id='word_1_70' title='bbox 784 604 993 647; x_wconf 85' lang='lat' dir='ltr'>praedibus</span> <span class='ocrx_word' id='word_1_71' title='bbox 1016 603 1186 646; x_wconf 88' lang='lat' dir='ltr'>acceptis</span> <span class='ocrx_word' id='word_1_72' title='bbox 1211 615 1255 638; x_wconf 90' lang='lat' dir='ltr'>eo</span> <span class='ocrx_word' id='word_1_73' title='bbox 1279 615 1381 638; x_wconf 87' lang='lat' dir='ltr'>anno</span> <span class='ocrx_word' id='word_1_74' title='bbox 1405 602 1580 638; x_wconf 88' lang='lat' dir='ltr'>aedificia</span> <span class='ocrx_word' id='word_1_75' title='bbox 1603 602 1859 645; x_wconf 71' lang='lat' dir='ltr'>perfecturos</span> 
     </span>
    </p>

    <p class='ocr_par' dir='ltr' id='par_1_9' title="bbox 361 659 1456 704">
     <span class='ocr_line' id='line_1_11' title="bbox 361 659 1456 704; baseline -0.004 -8"><span class='ocrx_word' id='word_1_76' title='bbox 361 662 479 704; x_wconf 80' lang='lat' dir='ltr'>Quod</span> <span class='ocrx_word' id='word_1_77' title='bbox 507 661 635 696; x_wconf 88' lang='lat' dir='ltr'>solum</span> <span class='ocrx_word' id='word_1_78' title='bbox 662 661 763 703; x_wconf 90' lang='lat' dir='ltr'>apud</span> <span class='ocrx_word' id='word_1_79' title='bbox 791 667 971 696; x_wconf 87' lang='lat' dir='ltr'>nostrum</span> <span class='ocrx_word' id='word_1_80' title='bbox 998 659 1194 694; x_wconf 86' lang='lat' dir='ltr'>invenitur</span> <span class='ocrx_word' id='word_1_81' title='bbox 1222 659 1456 701; x_wconf 89' lang='lat' dir='ltr'>exemplum.</span> 
     </span>
    </p>

    <p class='ocr_par' dir='ltr' id='par_1_10' title="bbox 249 714 2018 809">
     <span class='ocr_line' id='line_1_12' title="bbox 357 714 2018 757; baseline -0.001 -6"><span class='ocrx_word' id='word_1_82' title='bbox 357 717 501 751; x_wconf 85' lang='lat' dir='ltr'>testis:</span> <span class='ocrx_word' id='word_1_83' title='bbox 521 716 635 751; x_wconf 87' lang='lat' dir='ltr'>testis</span> <span class='ocrx_word' id='word_1_84' title='bbox 655 716 823 751; x_wconf 84' lang='lat' dir='ltr'>exsisto:</span> <span class='ocrx_word' id='word_1_85' title='bbox 846 717 920 757; x_wconf 84' lang='lat' dir='ltr'><strong>III,</strong></span> <span class='ocrx_word' id='word_1_86' title='bbox 944 726 995 757; x_wconf 83' lang='grc'>13,</span> <span class='ocrx_word' id='word_1_87' title='bbox 1020 726 1052 749; x_wconf 85' lang='grc' dir='ltr'>Ι;</span> <span class='ocrx_word' id='word_1_88' title='bbox 1074 715 1186 750; x_wconf 89' lang='lat' dir='ltr'>testis</span> <span class='ocrx_word' id='word_1_89' title='bbox 1208 715 1413 749; x_wconf 79' lang='lat' dir='ltr'>exstiterat</span> <span class='ocrx_word' id='word_1_90' title='bbox 1436 726 1497 748; x_wconf 89' lang='lat' dir='ltr'>se.</span> <span class='ocrx_word' id='word_1_91' title='bbox 1515 742 1520 748; x_wconf 96' lang='lat'>.</span> <span class='ocrx_word' id='word_1_92' title='bbox 1538 742 1566 748; x_wconf 95' lang='lat'>..</span> <span class='ocrx_word' id='word_1_93' title='bbox 1589 714 1627 749; x_wconf 91' lang='lat' dir='ltr'>in</span> <span class='ocrx_word' id='word_1_94' title='bbox 1647 714 1890 749; x_wconf 88' lang='lat' dir='ltr'>iuventutem</span> <span class='ocrx_word' id='word_1_95' title='bbox 1912 726 2018 757; x_wconf 88' lang='lat' dir='ltr'>gras-</span> 
     </span>
     <span class='ocr_line' id='line_1_13' title="bbox 249 773 861 809; baseline -0.005 0"><span class='ocrx_word' id='word_1_96' title='bbox 249 781 401 809; x_wconf 88' lang='lat' dir='ltr'>santem</span> <span class='ocrx_word' id='word_1_97' title='bbox 426 774 464 808; x_wconf 92' lang='lat' dir='ltr'>in</span> <span class='ocrx_word' id='word_1_98' title='bbox 492 774 641 809; x_wconf 87' lang='lat' dir='ltr'>Subura</span> <span class='ocrx_word' id='word_1_99' title='bbox 667 773 861 807; x_wconf 84' lang='lat' dir='ltr'>incidisse.</span> 
     </span>
    </p>

    <p class='ocr_par' dir='ltr' id='par_1_11' title="bbox 247 825 2017 981">
     <span class='ocr_line' id='line_1_14' title="bbox 357 825 2017 871; baseline -0.003 -7"><span class='ocrx_word' id='word_1_100' title='bbox 357 835 501 864; x_wconf 88' lang='lat' dir='ltr'>testem</span> <span class='ocrx_word' id='word_1_101' title='bbox 523 829 644 863; x_wconf 84' lang='lat' dir='ltr'>facio:</span> <span class='ocrx_word' id='word_1_102' title='bbox 667 830 696 869; x_wconf 91' lang='lat' dir='ltr'>I,</span> <span class='ocrx_word' id='word_1_103' title='bbox 720 838 775 871; x_wconf 88' lang='lat'>59,</span> <span class='ocrx_word' id='word_1_104' title='bbox 802 839 835 862; x_wconf 90' lang='lat'>1:</span> <span class='ocrx_word' id='word_1_105' title='bbox 860 828 945 863; x_wconf 90' lang='lat' dir='ltr'>iuro</span> <span class='ocrx_word' id='word_1_106' title='bbox 969 839 1130 870; x_wconf 86' lang='lat' dir='ltr'>vosque,</span> <span class='ocrx_word' id='word_1_107' title='bbox 1154 827 1218 869; x_wconf 68' lang='lat' dir='ltr'>dii,</span> <span class='ocrx_word' id='word_1_108' title='bbox 1244 833 1366 861; x_wconf 88' lang='lat' dir='ltr'>testes</span> <span class='ocrx_word' id='word_1_109' title='bbox 1390 826 1491 862; x_wconf 83' lang='lat' dir='ltr'>facio</span> <span class='ocrx_word' id='word_1_110' title='bbox 1517 838 1579 862; x_wconf 91' lang='lat' dir='ltr'>me</span> <span class='ocrx_word' id='word_1_111' title='bbox 1602 827 1645 861; x_wconf 93' lang='lat' dir='ltr'>L.</span> <span class='ocrx_word' id='word_1_112' title='bbox 1668 825 1926 868; x_wconf 86' lang='lat' dir='ltr'>Tarquinium</span> <span class='ocrx_word' id='word_1_113' title='bbox 1941 853 1948 860; x_wconf 86' lang='lat'><strong>.</strong></span> <span class='ocrx_word' id='word_1_114' title='bbox 1964 853 1970 859; x_wconf 93' lang='lat'><em>.</em></span> <span class='ocrx_word' id='word_1_115' title='bbox 1987 853 1994 859; x_wconf 92' lang='lat'><strong>.</strong></span> <span class='ocrx_word' id='word_1_116' title='bbox 2010 853 2017 860; x_wconf 91' lang='lat'><strong><em>.</em></strong></span> 
     </span>
     <span class='ocr_line' id='line_1_15' title="bbox 247 881 2017 927; baseline -0.003 -7"><span class='ocrx_word' id='word_1_117' title='bbox 247 892 492 927; x_wconf 86' lang='lat' dir='ltr'>exacturum;</span> <span class='ocrx_word' id='word_1_118' title='bbox 515 885 703 926; x_wconf 91' lang='lat' dir='ltr'><strong>XXXIV,</strong></span> <span class='ocrx_word' id='word_1_119' title='bbox 728 895 779 925; x_wconf 92' lang='lat'>11,</span> <span class='ocrx_word' id='word_1_120' title='bbox 802 885 839 919; x_wconf 83' lang='lat'>8:</span> <span class='ocrx_word' id='word_1_121' title='bbox 863 885 959 919; x_wconf 89' lang='lat' dir='ltr'>deos</span> <span class='ocrx_word' id='word_1_122' title='bbox 982 883 1240 925; x_wconf 86' lang='lat' dir='ltr'>hominesque</span> <span class='ocrx_word' id='word_1_123' title='bbox 1264 895 1303 917; x_wconf 91' lang='lat' dir='ltr'>se</span> <span class='ocrx_word' id='word_1_124' title='bbox 1328 882 1440 917; x_wconf 88' lang='lat' dir='ltr'>testis</span> <span class='ocrx_word' id='word_1_125' title='bbox 1464 883 1604 923; x_wconf 82' lang='lat' dir='ltr'>facere,</span> <span class='ocrx_word' id='word_1_126' title='bbox 1627 881 1772 917; x_wconf 89' lang='lat' dir='ltr'>invitos</span> <span class='ocrx_word' id='word_1_127' title='bbox 1796 887 1834 916; x_wconf 88' lang='lat' dir='ltr'>et</span> <span class='ocrx_word' id='word_1_128' title='bbox 1856 886 2017 916; x_wconf 89' lang='lat' dir='ltr'>coactos</span> 
     </span>
     <span class='ocr_line' id='line_1_16' title="bbox 247 939 1113 981; baseline -0.002 -5"><span class='ocrx_word' id='word_1_129' title='bbox 247 954 287 976; x_wconf 88' lang='lat' dir='ltr'>se</span> <span class='ocrx_word' id='word_1_130' title='bbox 303 970 309 976; x_wconf 94' lang='lat'>.</span> <span class='ocrx_word' id='word_1_131' title='bbox 326 970 332 976; x_wconf 88' lang='lat'>.</span> <span class='ocrx_word' id='word_1_132' title='bbox 349 970 355 975; x_wconf 96' lang='lat'>.</span> <span class='ocrx_word' id='word_1_133' title='bbox 372 970 378 975; x_wconf 93' lang='lat'><em>.</em></span> <span class='ocrx_word' id='word_1_134' title='bbox 395 941 621 976; x_wconf 82' lang='lat' dir='ltr'>defecturos</span> <span class='ocrx_word' id='word_1_135' title='bbox 649 946 685 975; x_wconf 88' lang='lat' dir='ltr'>et</span> <span class='ocrx_word' id='word_1_136' title='bbox 701 968 707 974; x_wconf 93' lang='lat'>.</span> <span class='ocrx_word' id='word_1_137' title='bbox 724 968 730 974; x_wconf 93' lang='lat'><strong>.</strong></span> <span class='ocrx_word' id='word_1_138' title='bbox 747 968 753 974; x_wconf 93' lang='lat'>.</span> <span class='ocrx_word' id='word_1_139' title='bbox 770 968 776 974; x_wconf 85' lang='lat'><strong>.</strong></span> <span class='ocrx_word' id='word_1_140' title='bbox 793 939 989 981; x_wconf 87' lang='lat' dir='ltr'>perituros</span> <span class='ocrx_word' id='word_1_141' title='bbox 1017 951 1113 974; x_wconf 86' lang='lat' dir='ltr'>esse.</span> 
     </span>
    </p>

    <p class='ocr_par' dir='ltr' id='par_1_12' title="bbox 355 992 2015 1037">
     <span class='ocr_line' id='line_1_17' title="bbox 355 992 2015 1037; baseline -0.002 -6"><span class='ocrx_word' id='word_1_142' title='bbox 355 1002 499 1031; x_wconf 85' lang='lat' dir='ltr'>testem</span> <span class='ocrx_word' id='word_1_143' title='bbox 529 996 673 1031; x_wconf 87' lang='lat' dir='ltr'>habeo:</span> <span class='ocrx_word' id='word_1_144' title='bbox 703 996 875 1036; x_wconf 91' lang='lat' dir='ltr'><strong>XXVII,</strong></span> <span class='ocrx_word' id='word_1_145' title='bbox 905 1006 959 1037; x_wconf 89' lang='grc' dir='ltr'>3ο,</span> <span class='ocrx_word' id='word_1_146' title='bbox 993 1005 1050 1037; x_wconf 84' lang='grc' dir='ltr'>Ι4;</span> <span class='ocrx_word' id='word_1_147' title='bbox 1080 1001 1123 1030; x_wconf 90' lang='lat' dir='ltr'>ut</span> <span class='ocrx_word' id='word_1_148' title='bbox 1152 1007 1291 1030; x_wconf 87' lang='lat' dir='ltr'>omnes</span> <span class='ocrx_word' id='word_1_149' title='bbox 1324 994 1453 1029; x_wconf 90' lang='lat' dir='ltr'>socios</span> <span class='ocrx_word' id='word_1_150' title='bbox 1485 1000 1606 1029; x_wconf 88' lang='lat' dir='ltr'>testes</span> <span class='ocrx_word' id='word_1_151' title='bbox 1636 994 1797 1028; x_wconf 87' lang='lat' dir='ltr'>haberet</span> <span class='ocrx_word' id='word_1_152' title='bbox 1827 1005 1868 1028; x_wconf 91' lang='lat' dir='ltr'>se</span> <span class='ocrx_word' id='word_1_153' title='bbox 1898 992 2015 1036; x_wconf 88' lang='lat' dir='ltr'>pacis,</span> 
     </span>
    </p>
   </div>
   <div class='ocr_carea' id='block_1_4' title="bbox 244 1051 2014 1206">
    <p class='ocr_par' dir='ltr' id='par_1_13' title="bbox 244 1051 2014 1206">
     <span class='ocr_line' id='line_1_18' title="bbox 244 1051 860 1094; baseline 0 -8"><span class='ocrx_word' id='word_1_154' title='bbox 244 1053 333 1088; x_wconf 91' lang='lat' dir='ltr'>illos</span> <span class='ocrx_word' id='word_1_155' title='bbox 355 1052 446 1088; x_wconf 90' lang='lat' dir='ltr'>belli</span> <span class='ocrx_word' id='word_1_156' title='bbox 468 1064 626 1087; x_wconf 87' lang='lat' dir='ltr'>causam</span> <span class='ocrx_word' id='word_1_157' title='bbox 650 1051 860 1094; x_wconf 89' lang='lat' dir='ltr'>quaesisse.</span> 
     </span>
     <span class='ocr_line' id='line_1_19' title="bbox 354 1105 2013 1149; baseline -0.002 -7"><span class='ocrx_word' id='word_1_158' title='bbox 354 1108 470 1142; x_wconf 88' lang='lat' dir='ltr'>testis</span> <span class='ocrx_word' id='word_1_159' title='bbox 490 1118 595 1142; x_wconf 87' lang='lat' dir='ltr'>sum:</span> <span class='ocrx_word' id='word_1_160' title='bbox 618 1108 745 1148; x_wconf 88' lang='lat' dir='ltr'><strong>XXX,</strong></span> <span class='ocrx_word' id='word_1_161' title='bbox 767 1118 821 1149; x_wconf 85' lang='lat'>31,</span> <span class='ocrx_word' id='word_1_162' title='bbox 844 1117 880 1149; x_wconf 91' lang='lat'>5:</span> <span class='ocrx_word' id='word_1_163' title='bbox 903 1120 974 1142; x_wconf 87' lang='lat' dir='ltr'>vos</span> <span class='ocrx_word' id='word_1_164' title='bbox 998 1107 1203 1142; x_wconf 82' lang='lat' dir='ltr'>lacessisse</span> <span class='ocrx_word' id='word_1_165' title='bbox 1227 1113 1264 1141; x_wconf 90' lang='lat' dir='ltr'>et</span> <span class='ocrx_word' id='word_1_166' title='bbox 1287 1113 1327 1141; x_wconf 93' lang='lat' dir='ltr'>tu</span> <span class='ocrx_word' id='word_1_167' title='bbox 1350 1106 1433 1149; x_wconf 91' lang='lat' dir='ltr'>ipse</span> <span class='ocrx_word' id='word_1_168' title='bbox 1455 1105 1591 1141; x_wconf 79' lang='lat' dir='ltr'>fateris</span> <span class='ocrx_word' id='word_1_169' title='bbox 1615 1112 1653 1141; x_wconf 89' lang='lat' dir='ltr'>et</span> <span class='ocrx_word' id='word_1_170' title='bbox 1677 1105 1737 1141; x_wconf 90' lang='lat' dir='ltr'>dei</span> <span class='ocrx_word' id='word_1_171' title='bbox 1762 1111 1883 1140; x_wconf 88' lang='lat' dir='ltr'>testes</span> <span class='ocrx_word' id='word_1_172' title='bbox 1908 1110 2013 1145; x_wconf 89' lang='lat' dir='ltr'>sunt;</span> 
     </span>
     <span class='ocr_line' id='line_1_20' title="bbox 244 1161 2014 1206; baseline -0.002 -7"><span class='ocrx_word' id='word_1_173' title='bbox 244 1164 407 1205; x_wconf 90' lang='lat' dir='ltr'><strong>XXXV,</strong></span> <span class='ocrx_word' id='word_1_174' title='bbox 437 1174 488 1206; x_wconf 87' lang='lat'>19,</span> <span class='ocrx_word' id='word_1_175' title='bbox 515 1164 552 1199; x_wconf 89' lang='lat'>6:</span> <span class='ocrx_word' id='word_1_176' title='bbox 580 1164 618 1198; x_wconf 93' lang='lat' dir='ltr'>id</span> <span class='ocrx_word' id='word_1_177' title='bbox 646 1176 707 1199; x_wconf 88' lang='lat' dir='ltr'>me</span> <span class='ocrx_word' id='word_1_178' title='bbox 732 1176 869 1198; x_wconf 88' lang='lat' dir='ltr'>verum</span> <span class='ocrx_word' id='word_1_179' title='bbox 896 1163 1024 1198; x_wconf 88' lang='lat' dir='ltr'>dicere</span> <span class='ocrx_word' id='word_1_180' title='bbox 1050 1169 1161 1206; x_wconf 87' lang='lat' dir='ltr'>pater</span> <span class='ocrx_word' id='word_1_181' title='bbox 1190 1162 1393 1198; x_wconf 82' lang='lat' dir='ltr'>Hamilcar</span> <span class='ocrx_word' id='word_1_182' title='bbox 1421 1168 1458 1198; x_wconf 89' lang='lat' dir='ltr'>et</span> <span class='ocrx_word' id='word_1_183' title='bbox 1485 1162 1536 1197; x_wconf 74' lang='lat' dir='ltr'>d²i</span> <span class='ocrx_word' id='word_1_184' title='bbox 1564 1168 1685 1197; x_wconf 87' lang='lat' dir='ltr'>testes</span> <span class='ocrx_word' id='word_1_185' title='bbox 1713 1168 1819 1202; x_wconf 88' lang='lat' dir='ltr'>sunt;</span> <span class='ocrx_word' id='word_1_186' title='bbox 1849 1161 2014 1202; x_wconf 93' lang='lat' dir='ltr'><strong>XXXV,</strong></span> 
     </span>
    </p>
   </div>
   <div class='ocr_carea' id='block_1_5' title="bbox 242 1219 654 1262">
    <p class='ocr_par' dir='ltr' id='par_1_14' title="bbox 242 1219 654 1262">
     <span class='ocr_line' id='line_1_21' title="bbox 242 1219 654 1262; baseline 0.005 -2"><span class='ocrx_word' id='word_1_187' title='bbox 242 1229 296 1260; x_wconf 80' lang='lat'><strong>33,</strong></span> <span class='ocrx_word' id='word_1_188' title='bbox 315 1229 352 1261; x_wconf 86' lang='lat'>3;</span> <span class='ocrx_word' id='word_1_189' title='bbox 375 1219 502 1261; x_wconf 89' lang='lat' dir='ltr'><strong>XLII,</strong></span> <span class='ocrx_word' id='word_1_190' title='bbox 523 1229 579 1262; x_wconf 80' lang='lat'><strong>34,</strong></span> <span class='ocrx_word' id='word_1_191' title='bbox 602 1229 654 1262; x_wconf 88' lang='lat'>14-</span> 
     </span>
    </p>
   </div>
   <div class='ocr_carea' id='block_1_6' title="bbox 235 1337 2016 1445">
    <p class='ocr_par' dir='ltr' id='par_1_15' title="bbox 235 1337 2016 1445">
     <span class='ocr_line' id='line_1_22' title="bbox 235 1337 2016 1388; baseline -0.002 -10"><span class='ocrx_word' id='word_1_192' title='bbox 235 1341 284 1378; x_wconf 90' lang='lat' dir='ltr'>B.</span> <span class='ocrx_word' id='word_1_193' title='bbox 345 1340 413 1378; x_wconf 90' lang='lat' dir='ltr'>Ad</span> <span class='ocrx_word' id='word_1_194' title='bbox 450 1339 682 1379; x_wconf 77' lang='lat' dir='ltr'>adIeetiva</span> <span class='ocrx_word' id='word_1_195' title='bbox 719 1352 800 1388; x_wconf 86' lang='lat' dir='ltr'>pro</span> <span class='ocrx_word' id='word_1_196' title='bbox 838 1340 1106 1379; x_wconf 87' lang='lat' dir='ltr'>nominibus</span> <span class='ocrx_word' id='word_1_197' title='bbox 1145 1341 1374 1386; x_wconf 82' lang='lat' dir='ltr'>usurpata</span> <span class='ocrx_word' id='word_1_198' title='bbox 1403 1339 1686 1387; x_wconf 85' lang='lat' dir='ltr'>epexegetice</span> <span class='ocrx_word' id='word_1_199' title='bbox 1723 1337 1897 1376; x_wconf 77' lang='lat' dir='ltr'>accedit</span> <span class='ocrx_word' id='word_1_200' title='bbox 1924 1348 2016 1376; x_wconf 86' lang='lat' dir='ltr'>ace.</span> 
     </span>
     <span class='ocr_line' id='line_1_23' title="bbox 935 1406 1299 1445; baseline -0.005 0"><span class='ocrx_word' id='word_1_201' title='bbox 935 1418 1041 1445; x_wconf 87' lang='lat' dir='ltr'>eum</span> <span class='ocrx_word' id='word_1_202' title='bbox 1073 1406 1154 1445; x_wconf 78' lang='lat' dir='ltr'>inf.</span> <span class='ocrx_word' id='word_1_203' title='bbox 1183 1406 1299 1444; x_wconf 87' lang='lat' dir='ltr'>coni.</span> 
     </span>
    </p>
   </div>
   <div class='ocr_carea' id='block_1_7' title="bbox 237 1494 2012 1874">
    <p class='ocr_par' dir='ltr' id='par_1_16' title="bbox 240 1494 2012 1596">
     <span class='ocr_line' id='line_1_24' title="bbox 351 1494 2012 1538; baseline -0.002 -7"><span class='ocrx_word' id='word_1_204' title='bbox 351 1497 554 1531; x_wconf 81' lang='lat' dir='ltr'>certiora:</span> <span class='ocrx_word' id='word_1_205' title='bbox 606 1496 835 1537; x_wconf 91' lang='lat' dir='ltr'><strong>XXXVIII,</strong></span> <span class='ocrx_word' id='word_1_206' title='bbox 889 1507 940 1538; x_wconf 88' lang='lat'><strong>19,</strong></span> <span class='ocrx_word' id='word_1_207' title='bbox 996 1507 1028 1531; x_wconf 90' lang='lat'>1:</span> <span class='ocrx_word' id='word_1_208' title='bbox 1079 1495 1249 1531; x_wconf 87' lang='lat' dir='ltr'>certiora</span> <span class='ocrx_word' id='word_1_209' title='bbox 1300 1502 1461 1538; x_wconf 73' lang='lat' dir='ltr'>postea,</span> <span class='ocrx_word' id='word_1_210' title='bbox 1478 1523 1484 1529; x_wconf 83' lang='lat'><strong>.</strong></span> <span class='ocrx_word' id='word_1_211' title='bbox 1502 1523 1507 1529; x_wconf 93' lang='lat'><strong><em>.</em></strong></span> <span class='ocrx_word' id='word_1_212' title='bbox 1524 1523 1530 1529; x_wconf 92' lang='lat'>.</span> <span class='ocrx_word' id='word_1_213' title='bbox 1548 1494 1774 1535; x_wconf 88' lang='lat' dir='ltr'>attulerunt,</span> <span class='ocrx_word' id='word_1_214' title='bbox 1825 1494 2012 1529; x_wconf 88' lang='lat' dir='ltr'>Tolosto-</span> 
     </span>
     <span class='ocr_line' id='line_1_25' title="bbox 240 1552 1300 1596; baseline -0.002 -8"><span class='ocrx_word' id='word_1_215' title='bbox 240 1553 450 1596; x_wconf 86' lang='lat' dir='ltr'>bogiorum</span> <span class='ocrx_word' id='word_1_216' title='bbox 473 1552 673 1587; x_wconf 89' lang='lat' dir='ltr'>civitatem</span> <span class='ocrx_word' id='word_1_217' title='bbox 699 1552 915 1595; x_wconf 86' lang='lat' dir='ltr'>Olympum</span> <span class='ocrx_word' id='word_1_218' title='bbox 938 1557 1115 1587; x_wconf 87' lang='lat' dir='ltr'>montem</span> <span class='ocrx_word' id='word_1_219' title='bbox 1140 1552 1300 1594; x_wconf 88' lang='lat' dir='ltr'>cepisse.</span> 
     </span>
    </p>

    <p class='ocr_par' dir='ltr' id='par_1_17' title="bbox 239 1607 2012 1706">
     <span class='ocr_line' id='line_1_26' title="bbox 350 1607 2012 1650; baseline -0.001 -8"><span class='ocrx_word' id='word_1_220' title='bbox 350 1609 643 1650; x_wconf 85' lang='lat' dir='ltr'>congruentia:</span> <span class='ocrx_word' id='word_1_221' title='bbox 670 1608 738 1650; x_wconf 71' lang='lat' dir='ltr'>IX,</span> <span class='ocrx_word' id='word_1_222' title='bbox 763 1618 818 1650; x_wconf 87' lang='lat'>31,</span> <span class='ocrx_word' id='word_1_223' title='bbox 843 1617 878 1649; x_wconf 90' lang='lat'>7:</span> <span class='ocrx_word' id='word_1_224' title='bbox 904 1607 1163 1650; x_wconf 85' lang='lat' dir='ltr'>congruentia</span> <span class='ocrx_word' id='word_1_225' title='bbox 1187 1608 1234 1642; x_wconf 90' lang='lat' dir='ltr'>ad</span> <span class='ocrx_word' id='word_1_226' title='bbox 1260 1607 1463 1642; x_wconf 87' lang='lat' dir='ltr'>consulem</span> <span class='ocrx_word' id='word_1_227' title='bbox 1488 1607 1709 1647; x_wconf 84' lang='lat' dir='ltr'>afferentes,</span> <span class='ocrx_word' id='word_1_228' title='bbox 1735 1617 1830 1648; x_wconf 88' lang='lat' dir='ltr'>quae</span> <span class='ocrx_word' id='word_1_229' title='bbox 1858 1611 1895 1641; x_wconf 89' lang='lat' dir='ltr'>et</span> <span class='ocrx_word' id='word_1_230' title='bbox 1920 1617 2012 1640; x_wconf 88' lang='lat' dir='ltr'>vera</span> 
     </span>
     <span class='ocr_line' id='line_1_27' title="bbox 239 1663 1661 1706; baseline -0.001 -8"><span class='ocrx_word' id='word_1_231' title='bbox 239 1670 360 1705; x_wconf 86' lang='lat' dir='ltr'>erant,</span> <span class='ocrx_word' id='word_1_232' title='bbox 389 1663 542 1706; x_wconf 87' lang='lat' dir='ltr'>pecoris</span> <span class='ocrx_word' id='word_1_233' title='bbox 569 1664 648 1698; x_wconf 89' lang='lat' dir='ltr'>vim</span> <span class='ocrx_word' id='word_1_234' title='bbox 675 1664 875 1706; x_wconf 85' lang='lat' dir='ltr'>ingentem</span> <span class='ocrx_word' id='word_1_235' title='bbox 902 1664 939 1698; x_wconf 93' lang='lat' dir='ltr'>in</span> <span class='ocrx_word' id='word_1_236' title='bbox 968 1664 1109 1698; x_wconf 86' lang='lat' dir='ltr'>saltum</span> <span class='ocrx_word' id='word_1_237' title='bbox 1137 1663 1265 1698; x_wconf 86' lang='lat' dir='ltr'>avium</span> <span class='ocrx_word' id='word_1_238' title='bbox 1292 1663 1537 1705; x_wconf 88' lang='lat' dir='ltr'>compulsam</span> <span class='ocrx_word' id='word_1_239' title='bbox 1565 1674 1661 1697; x_wconf 88' lang='lat' dir='ltr'>esse.</span> 
     </span>
    </p>

    <p class='ocr_par' dir='ltr' id='par_1_18' title="bbox 350 1718 1739 1762">
     <span class='ocr_line' id='line_1_28' title="bbox 350 1718 1739 1762; baseline -0.001 -8"><span class='ocrx_word' id='word_1_240' title='bbox 350 1730 499 1761; x_wconf 83' lang='lat' dir='ltr'>pauca:</span> <span class='ocrx_word' id='word_1_241' title='bbox 524 1719 710 1760; x_wconf 88' lang='lat' dir='ltr'><strong>XXXIV,</strong></span> <span class='ocrx_word' id='word_1_242' title='bbox 732 1728 787 1761; x_wconf 87' lang='lat'>27,</span> <span class='ocrx_word' id='word_1_243' title='bbox 810 1720 846 1754; x_wconf 86' lang='lat'>6:</span> <span class='ocrx_word' id='word_1_244' title='bbox 869 1731 992 1762; x_wconf 87' lang='lat' dir='ltr'>pauca</span> <span class='ocrx_word' id='word_1_245' title='bbox 1014 1719 1235 1762; x_wconf 86' lang='lat' dir='ltr'>praefatus.</span> <span class='ocrx_word' id='word_1_246' title='bbox 1253 1747 1259 1753; x_wconf 91' lang='lat'>.</span> <span class='ocrx_word' id='word_1_247' title='bbox 1277 1748 1282 1753; x_wconf 97' lang='lat'>.</span> <span class='ocrx_word' id='word_1_248' title='bbox 1301 1748 1305 1753; x_wconf 94' lang='lat'>.</span> <span class='ocrx_word' id='word_1_249' title='bbox 1323 1725 1361 1754; x_wconf 88' lang='lat' dir='ltr'>et</span> <span class='ocrx_word' id='word_1_250' title='bbox 1383 1719 1559 1761; x_wconf 89' lang='lat' dir='ltr'>ipsorum</span> <span class='ocrx_word' id='word_1_251' title='bbox 1583 1718 1739 1753; x_wconf 83' lang='lat' dir='ltr'>referre.</span> 
     </span>
    </p>

    <p class='ocr_par' dir='ltr' id='par_1_19' title="bbox 237 1773 2009 1874">
     <span class='ocr_line' id='line_1_29' title="bbox 347 1773 2009 1816; baseline -0.001 -7"><span class='ocrx_word' id='word_1_252' title='bbox 347 1776 693 1810; x_wconf 81' lang='lat' dir='ltr'>tumultuosiora:</span> <span class='ocrx_word' id='word_1_253' title='bbox 718 1775 764 1816; x_wconf 90' lang='lat' dir='ltr'><strong>V,</strong></span> <span class='ocrx_word' id='word_1_254' title='bbox 793 1776 843 1816; x_wconf 89' lang='lat'><strong>18,</strong></span> <span class='ocrx_word' id='word_1_255' title='bbox 872 1786 928 1810; x_wconf 89' lang='lat'>11:</span> <span class='ocrx_word' id='word_1_256' title='bbox 954 1775 1013 1809; x_wconf 91' lang='lat' dir='ltr'>his</span> <span class='ocrx_word' id='word_1_257' title='bbox 1039 1775 1343 1810; x_wconf 85' lang='lat' dir='ltr'>tumultuosiora</span> <span class='ocrx_word' id='word_1_258' title='bbox 1371 1777 1531 1815; x_wconf 89' lang='lat' dir='ltr'>Romae,</span> <span class='ocrx_word' id='word_1_259' title='bbox 1558 1774 1635 1809; x_wconf 86' lang='lat' dir='ltr'>iam</span> <span class='ocrx_word' id='word_1_260' title='bbox 1661 1780 1789 1809; x_wconf 91' lang='lat' dir='ltr'>castra</span> <span class='ocrx_word' id='word_1_261' title='bbox 1815 1774 1862 1808; x_wconf 85' lang='lat' dir='ltr'>ad</span> <span class='ocrx_word' id='word_1_262' title='bbox 1888 1773 2009 1808; x_wconf 89' lang='lat' dir='ltr'>Veios</span> 
     </span>
     <span class='ocr_line' id='line_1_30' title="bbox 237 1830 2009 1874; baseline 0 -10"><span class='ocrx_word' id='word_1_263' title='bbox 237 1831 468 1873; x_wconf 90' lang='lat' dir='ltr'>oppugnari,</span> <span class='ocrx_word' id='word_1_264' title='bbox 494 1831 570 1866; x_wconf 83' lang='lat' dir='ltr'>iam</span> <span class='ocrx_word' id='word_1_265' title='bbox 593 1838 746 1874; x_wconf 88' lang='lat' dir='ltr'>partem</span> <span class='ocrx_word' id='word_1_266' title='bbox 770 1832 944 1867; x_wconf 89' lang='lat' dir='ltr'>hostium</span> <span class='ocrx_word' id='word_1_267' title='bbox 968 1832 1128 1867; x_wconf 87' lang='lat' dir='ltr'>tendere</span> <span class='ocrx_word' id='word_1_268' title='bbox 1154 1832 1202 1867; x_wconf 91' lang='lat' dir='ltr'>ad</span> <span class='ocrx_word' id='word_1_269' title='bbox 1225 1832 1363 1866; x_wconf 88' lang='lat' dir='ltr'>urbem</span> <span class='ocrx_word' id='word_1_270' title='bbox 1388 1831 1544 1874; x_wconf 87' lang='lat' dir='ltr'>agmine</span> <span class='ocrx_word' id='word_1_271' title='bbox 1569 1831 1726 1871; x_wconf 81' lang='lat' dir='ltr'>infesto,</span> <span class='ocrx_word' id='word_1_272' title='bbox 1752 1830 2009 1865; x_wconf 88' lang='lat' dir='ltr'>crediderant.</span> 
     </span>
    </p>
   </div>
   <div class='ocr_carea' id='block_1_8' title="bbox 229 1955 723 2003">
    <p class='ocr_par' dir='ltr' id='par_1_20' title="bbox 229 1955 723 2003">
     <span class='ocr_line' id='line_1_31' title="bbox 229 1955 723 2003; baseline -0.002 -9"><span class='ocrx_word' id='word_1_273' title='bbox 229 1956 277 1994; x_wconf 86' lang='lat' dir='ltr'>C.</span> <span class='ocrx_word' id='word_1_274' title='bbox 338 1956 406 1994; x_wconf 87' lang='lat' dir='ltr'>Ad</span> <span class='ocrx_word' id='word_1_275' title='bbox 438 1955 723 2003; x_wconf 84' lang='lat' dir='ltr'>pronomina.</span> 
     </span>
    </p>
   </div>
   <div class='ocr_carea' id='block_1_9' title="bbox 232 2055 2008 2932">
    <p class='ocr_par' dir='ltr' id='par_1_21' title="bbox 236 2055 2008 2375">
     <span class='ocr_line' id='line_1_32' title="bbox 349 2055 2008 2098; baseline -0.001 -8"><span class='ocrx_word' id='word_1_276' title='bbox 349 2055 511 2097; x_wconf 88' lang='lat' dir='ltr'>Saepius</span> <span class='ocrx_word' id='word_1_277' title='bbox 544 2055 794 2097; x_wconf 85' lang='lat' dir='ltr'>epexegetice</span> <span class='ocrx_word' id='word_1_278' title='bbox 827 2055 977 2091; x_wconf 86' lang='lat' dir='ltr'>accedit</span> <span class='ocrx_word' id='word_1_279' title='bbox 1008 2068 1085 2091; x_wconf 86' lang='lat' dir='ltr'>acc.</span> <span class='ocrx_word' id='word_1_280' title='bbox 1119 2068 1207 2091; x_wconf 91' lang='lat' dir='ltr'>cum</span> <span class='ocrx_word' id='word_1_281' title='bbox 1238 2056 1304 2090; x_wconf 81' lang='lat' dir='ltr'>inf.</span> <span class='ocrx_word' id='word_1_282' title='bbox 1336 2056 1435 2091; x_wconf 90' lang='lat' dir='ltr'>coni.</span> <span class='ocrx_word' id='word_1_283' title='bbox 1469 2056 1515 2091; x_wconf 91' lang='lat' dir='ltr'>ad</span> <span class='ocrx_word' id='word_1_284' title='bbox 1548 2067 1767 2098; x_wconf 89' lang='lat' dir='ltr'>pronomen</span> <span class='ocrx_word' id='word_1_285' title='bbox 1800 2055 2008 2098; x_wconf 87' lang='lat' dir='ltr'>quoddam,</span> 
     </span>
     <span class='ocr_line' id='line_1_33' title="bbox 237 2110 2006 2154; baseline 0 -9"><span class='ocrx_word' id='word_1_286' title='bbox 237 2110 302 2146; x_wconf 89' lang='lat' dir='ltr'>ubi</span> <span class='ocrx_word' id='word_1_287' title='bbox 341 2123 420 2145; x_wconf 86' lang='lat' dir='ltr'>non</span> <span class='ocrx_word' id='word_1_288' title='bbox 460 2110 636 2146; x_wconf 88' lang='lat' dir='ltr'>adhibito</span> <span class='ocrx_word' id='word_1_289' title='bbox 676 2111 910 2154; x_wconf 89' lang='lat' dir='ltr'>pronomine</span> <span class='ocrx_word' id='word_1_290' title='bbox 952 2124 1103 2146; x_wconf 88' lang='lat' dir='ltr'>merum</span> <span class='ocrx_word' id='word_1_291' title='bbox 1146 2112 1364 2147; x_wconf 89' lang='lat' dir='ltr'>subiectum</span> <span class='ocrx_word' id='word_1_292' title='bbox 1404 2113 1465 2146; x_wconf 85' lang='lat' dir='ltr'>vel</span> <span class='ocrx_word' id='word_1_293' title='bbox 1506 2112 1704 2147; x_wconf 89' lang='lat' dir='ltr'>obiectum</span> <span class='ocrx_word' id='word_1_294' title='bbox 1744 2123 1830 2146; x_wconf 88' lang='lat' dir='ltr'>esse</span> <span class='ocrx_word' id='word_1_295' title='bbox 1870 2111 2006 2154; x_wconf 88' lang='lat' dir='ltr'>possit.</span> 
     </span>
     <span class='ocr_line' id='line_1_34' title="bbox 238 2167 2007 2210; baseline 0.001 -10"><span class='ocrx_word' id='word_1_296' title='bbox 238 2167 400 2201; x_wconf 86' lang='lat' dir='ltr'>Duabus</span> <span class='ocrx_word' id='word_1_297' title='bbox 422 2172 553 2201; x_wconf 88' lang='lat' dir='ltr'>autem</span> <span class='ocrx_word' id='word_1_298' title='bbox 575 2167 621 2201; x_wconf 91' lang='lat' dir='ltr'>de</span> <span class='ocrx_word' id='word_1_299' title='bbox 643 2167 782 2207; x_wconf 87' lang='lat' dir='ltr'>causis,</span> <span class='ocrx_word' id='word_1_300' title='bbox 804 2173 845 2201; x_wconf 85' lang='lat' dir='ltr'>ut</span> <span class='ocrx_word' id='word_1_301' title='bbox 869 2167 921 2202; x_wconf 91' lang='lat' dir='ltr'>ita</span> <span class='ocrx_word' id='word_1_302' title='bbox 944 2167 1082 2208; x_wconf 89' lang='lat' dir='ltr'>dicam,</span> <span class='ocrx_word' id='word_1_303' title='bbox 1107 2168 1161 2202; x_wconf 91' lang='lat' dir='ltr'>eis</span> <span class='ocrx_word' id='word_1_304' title='bbox 1184 2168 1280 2203; x_wconf 89' lang='lat' dir='ltr'>loeis</span> <span class='ocrx_word' id='word_1_305' title='bbox 1303 2174 1431 2203; x_wconf 83' lang='lat' dir='ltr'>exstat</span> <span class='ocrx_word' id='word_1_306' title='bbox 1455 2180 1532 2202; x_wconf 89' lang='lat' dir='ltr'>acc.</span> <span class='ocrx_word' id='word_1_307' title='bbox 1556 2179 1644 2202; x_wconf 89' lang='lat' dir='ltr'>curn</span> <span class='ocrx_word' id='word_1_308' title='bbox 1667 2167 1733 2201; x_wconf 83' lang='lat' dir='ltr'>inf.</span> <span class='ocrx_word' id='word_1_309' title='bbox 1757 2167 1868 2208; x_wconf 91' lang='lat' dir='ltr'>coni.,</span> <span class='ocrx_word' id='word_1_310' title='bbox 1893 2179 2007 2210; x_wconf 88' lang='lat' dir='ltr'>quam</span> 
     </span>
     <span class='ocr_line' id='line_1_35' title="bbox 236 2221 2007 2265; baseline 0 -9"><span class='ocrx_word' id='word_1_311' title='bbox 236 2222 287 2256; x_wconf 94' lang='lat' dir='ltr'>ob</span> <span class='ocrx_word' id='word_1_312' title='bbox 321 2233 414 2262; x_wconf 89' lang='lat' dir='ltr'>rem,</span> <span class='ocrx_word' id='word_1_313' title='bbox 449 2221 480 2256; x_wconf 90' lang='lat' dir='ltr'>si</span> <span class='ocrx_word' id='word_1_314' title='bbox 514 2222 727 2257; x_wconf 87' lang='lat' dir='ltr'>admodum</span> <span class='ocrx_word' id='word_1_315' title='bbox 760 2223 986 2265; x_wconf 86' lang='lat' dir='ltr'>frequenter</span> <span class='ocrx_word' id='word_1_316' title='bbox 1020 2235 1097 2258; x_wconf 88' lang='lat' dir='ltr'>acc.</span> <span class='ocrx_word' id='word_1_317' title='bbox 1133 2235 1221 2258; x_wconf 90' lang='lat' dir='ltr'>curn</span> <span class='ocrx_word' id='word_1_318' title='bbox 1255 2223 1321 2258; x_wconf 83' lang='lat' dir='ltr'>inf.</span> <span class='ocrx_word' id='word_1_319' title='bbox 1357 2223 1455 2258; x_wconf 88' lang='lat' dir='ltr'>coni.</span> <span class='ocrx_word' id='word_1_320' title='bbox 1491 2230 1601 2265; x_wconf 86' lang='lat' dir='ltr'>regat</span> <span class='ocrx_word' id='word_1_321' title='bbox 1635 2224 1798 2258; x_wconf 84' lang='lat' dir='ltr'>verbum</span> <span class='ocrx_word' id='word_1_322' title='bbox 1834 2222 2007 2258; x_wconf 86' lang='lat' dir='ltr'>eiusdem</span> 
     </span>
     <span class='ocr_line' id='line_1_36' title="bbox 239 2277 2007 2319; baseline 0.001 -7"><span class='ocrx_word' id='word_1_323' title='bbox 239 2277 440 2318; x_wconf 86' lang='lat' dir='ltr'>enuntiati,</span> <span class='ocrx_word' id='word_1_324' title='bbox 482 2290 560 2312; x_wconf 89' lang='lat' dir='ltr'>non</span> <span class='ocrx_word' id='word_1_325' title='bbox 598 2278 700 2312; x_wconf 85' lang='lat' dir='ltr'>infra</span> <span class='ocrx_word' id='word_1_326' title='bbox 739 2278 903 2319; x_wconf 89' lang='lat' dir='ltr'>laudavi,</span> <span class='ocrx_word' id='word_1_327' title='bbox 942 2278 973 2313; x_wconf 89' lang='lat' dir='ltr'>si</span> <span class='ocrx_word' id='word_1_328' title='bbox 1012 2278 1148 2319; x_wconf 89' lang='lat' dir='ltr'>rarius,</span> <span class='ocrx_word' id='word_1_329' title='bbox 1188 2286 1226 2314; x_wconf 89' lang='lat' dir='ltr'>et</span> <span class='ocrx_word' id='word_1_330' title='bbox 1264 2279 1365 2314; x_wconf 87' lang='lat' dir='ltr'>infra</span> <span class='ocrx_word' id='word_1_331' title='bbox 1405 2286 1442 2314; x_wconf 90' lang='lat' dir='ltr'>et</span> <span class='ocrx_word' id='word_1_332' title='bbox 1481 2280 1552 2314; x_wconf 91' lang='lat' dir='ltr'>sub</span> <span class='ocrx_word' id='word_1_333' title='bbox 1590 2279 1720 2314; x_wconf 88' lang='lat' dir='ltr'>verbis</span> <span class='ocrx_word' id='word_1_334' title='bbox 1758 2279 2007 2314; x_wconf 84' lang='lat' dir='ltr'>inveniuntur</span> 
     </span>
     <span class='ocr_line' id='line_1_37' title="bbox 237 2333 426 2375; baseline 0 -8"><span class='ocrx_word' id='word_1_335' title='bbox 237 2333 426 2375; x_wconf 84' lang='lat' dir='ltr'>exempla.</span> 
     </span>
    </p>

    <p class='ocr_par' dir='ltr' id='par_1_22' title="bbox 233 2388 2006 2489">
     <span class='ocr_line' id='line_1_38' title="bbox 346 2388 2006 2432; baseline 0.002 -10"><span class='ocrx_word' id='word_1_336' title='bbox 346 2388 546 2423; x_wconf 86' lang='lat' dir='ltr'>alterum:</span> <span class='ocrx_word' id='word_1_337' title='bbox 573 2389 766 2431; x_wconf 54' lang='lat' dir='ltr'><strong>XXXIX,</strong></span> <span class='ocrx_word' id='word_1_338' title='bbox 792 2389 847 2430; x_wconf 82' lang='lat'>26,</span> <span class='ocrx_word' id='word_1_339' title='bbox 871 2399 909 2431; x_wconf 85' lang='lat'>3:</span> <span class='ocrx_word' id='word_1_340' title='bbox 936 2401 1032 2432; x_wconf 90' lang='lat' dir='ltr'>quae</span> <span class='ocrx_word' id='word_1_341' title='bbox 1060 2390 1132 2425; x_wconf 89' lang='lat' dir='ltr'>sibi</span> <span class='ocrx_word' id='word_1_342' title='bbox 1158 2390 1321 2425; x_wconf 91' lang='lat' dir='ltr'>crimina</span> <span class='ocrx_word' id='word_1_343' title='bbox 1346 2391 1840 2426; x_wconf 86' lang='lat' dir='ltr'>obiciantur....alterum</span> <span class='ocrx_word' id='word_1_344' title='bbox 1866 2390 2006 2425; x_wconf 88' lang='lat' dir='ltr'>deridi-</span> 
     </span>
     <span class='ocr_line' id='line_1_39' title="bbox 233 2443 1261 2489; baseline 0 -12"><span class='ocrx_word' id='word_1_345' title='bbox 233 2443 364 2478; x_wconf 88' lang='lat' dir='ltr'>culum</span> <span class='ocrx_word' id='word_1_346' title='bbox 387 2455 483 2484; x_wconf 87' lang='lat' dir='ltr'>esse,</span> <span class='ocrx_word' id='word_1_347' title='bbox 507 2456 547 2478; x_wconf 89' lang='lat' dir='ltr'>se</span> <span class='ocrx_word' id='word_1_348' title='bbox 570 2445 733 2479; x_wconf 89' lang='lat' dir='ltr'>reddere</span> <span class='ocrx_word' id='word_1_349' title='bbox 757 2444 960 2480; x_wconf 85' lang='lat' dir='ltr'>rationem.</span> <span class='ocrx_word' id='word_1_350' title='bbox 1009 2446 1078 2486; x_wconf 87' lang='lat' dir='ltr'>VI,</span> <span class='ocrx_word' id='word_1_351' title='bbox 1101 2456 1156 2487; x_wconf 87' lang='lat'>40,</span> <span class='ocrx_word' id='word_1_352' title='bbox 1182 2457 1212 2487; x_wconf 83' lang='lat'><strong>4,</strong></span> <span class='ocrx_word' id='word_1_353' title='bbox 1234 2455 1261 2489; x_wconf 89' lang='grc'>5.</span> 
     </span>
    </p>

    <p class='ocr_par' dir='ltr' id='par_1_23' title="bbox 232 2499 2005 2820">
     <span class='ocr_line' id='line_1_40' title="bbox 347 2499 2005 2545; baseline 0.002 -12"><span class='ocrx_word' id='word_1_354' title='bbox 347 2500 442 2533; x_wconf 88' lang='lat' dir='ltr'>hoc:</span> <span class='ocrx_word' id='word_1_355' title='bbox 477 2499 663 2542; x_wconf 87' lang='lat' dir='ltr'>ponderis</span> <span class='ocrx_word' id='word_1_356' title='bbox 698 2512 824 2542; x_wconf 88' lang='lat' dir='ltr'>causa,</span> <span class='ocrx_word' id='word_1_357' title='bbox 857 2506 900 2536; x_wconf 91' lang='lat' dir='ltr'>ut</span> <span class='ocrx_word' id='word_1_358' title='bbox 934 2512 1050 2544; x_wconf 88' lang='lat' dir='ltr'>supra</span> <span class='ocrx_word' id='word_1_359' title='bbox 1084 2502 1230 2542; x_wconf 87' lang='lat' dir='ltr'>monui,</span> <span class='ocrx_word' id='word_1_360' title='bbox 1266 2501 1360 2536; x_wconf 89' lang='lat' dir='ltr'>satis</span> <span class='ocrx_word' id='word_1_361' title='bbox 1396 2514 1511 2545; x_wconf 89' lang='lat' dir='ltr'>saepe</span> <span class='ocrx_word' id='word_1_362' title='bbox 1547 2502 1753 2537; x_wconf 88' lang='lat' dir='ltr'>adhibetur</span> <span class='ocrx_word' id='word_1_363' title='bbox 1785 2514 2005 2545; x_wconf 87' lang='lat' dir='ltr'>pronomen</span> 
     </span>
     <span class='ocr_line' id='line_1_41' title="bbox 235 2553 2003 2600; baseline 0.003 -13"><span class='ocrx_word' id='word_1_364' title='bbox 235 2553 373 2588; x_wconf 85' lang='lat' dir='ltr'>“hoc&#39;&#39;:</span> <span class='ocrx_word' id='word_1_365' title='bbox 404 2555 432 2595; x_wconf 89' lang='lat' dir='ltr'>I,</span> <span class='ocrx_word' id='word_1_366' title='bbox 460 2554 515 2597; x_wconf 86' lang='lat'>36,</span> <span class='ocrx_word' id='word_1_367' title='bbox 542 2565 580 2597; x_wconf 89' lang='lat'>4:</span> <span class='ocrx_word' id='word_1_368' title='bbox 609 2555 715 2598; x_wconf 88' lang='lat' dir='ltr'>atqui</span> <span class='ocrx_word' id='word_1_369' title='bbox 743 2556 815 2591; x_wconf 92' lang='lat' dir='ltr'>hoc</span> <span class='ocrx_word' id='word_1_370' title='bbox 847 2556 978 2592; x_wconf 89' lang='lat' dir='ltr'>animo</span> <span class='ocrx_word' id='word_1_371' title='bbox 1007 2556 1151 2600; x_wconf 89' lang='lat' dir='ltr'>agitavi</span> <span class='ocrx_word' id='word_1_372' title='bbox 1156 2585 1255 2598; x_wconf 90' lang='lat'><strong>.....</strong></span> <span class='ocrx_word' id='word_1_373' title='bbox 1273 2564 1310 2592; x_wconf 90' lang='lat' dir='ltr'>te</span> <span class='ocrx_word' id='word_1_374' title='bbox 1340 2558 1531 2593; x_wconf 85' lang='lat' dir='ltr'>novacula</span> <span class='ocrx_word' id='word_1_375' title='bbox 1560 2564 1689 2593; x_wconf 89' lang='lat' dir='ltr'>cotem</span> <span class='ocrx_word' id='word_1_376' title='bbox 1719 2558 2003 2599; x_wconf 89' lang='lat' dir='ltr'>discussurum;</span> 
     </span>
     <span class='ocr_line' id='line_1_42' title="bbox 236 2610 2002 2656; baseline 0.003 -13"><span class='ocrx_word' id='word_1_377' title='bbox 236 2610 288 2650; x_wconf 91' lang='lat' dir='ltr'>II,</span> <span class='ocrx_word' id='word_1_378' title='bbox 313 2610 368 2652; x_wconf 92' lang='lat'>46,</span> <span class='ocrx_word' id='word_1_379' title='bbox 393 2619 430 2652; x_wconf 88' lang='lat'>5:</span> <span class='ocrx_word' id='word_1_380' title='bbox 457 2611 530 2646; x_wconf 93' lang='lat' dir='ltr'>hoc</span> <span class='ocrx_word' id='word_1_381' title='bbox 555 2610 712 2646; x_wconf 89' lang='lat' dir='ltr'>iurastis</span> <span class='ocrx_word' id='word_1_382' title='bbox 716 2639 815 2652; x_wconf 89' lang='grc'>.....</span> <span class='ocrx_word' id='word_1_383' title='bbox 832 2612 988 2653; x_wconf 83' lang='lat' dir='ltr'>milites,</span> <span class='ocrx_word' id='word_1_384' title='bbox 1014 2613 1211 2655; x_wconf 82' lang='lat' dir='ltr'>fugientes</span> <span class='ocrx_word' id='word_1_385' title='bbox 1236 2626 1307 2649; x_wconf 90' lang='lat' dir='ltr'>vos</span> <span class='ocrx_word' id='word_1_386' title='bbox 1333 2614 1371 2648; x_wconf 91' lang='lat' dir='ltr'>in</span> <span class='ocrx_word' id='word_1_387' title='bbox 1398 2620 1527 2649; x_wconf 87' lang='lat' dir='ltr'>castra</span> <span class='ocrx_word' id='word_1_388' title='bbox 1552 2614 1756 2649; x_wconf 88' lang='lat' dir='ltr'>redturos?</span> <span class='ocrx_word' id='word_1_389' title='bbox 1783 2615 1858 2655; x_wconf 92' lang='lat' dir='ltr'><strong>III,</strong></span> <span class='ocrx_word' id='word_1_390' title='bbox 1884 2624 1938 2655; x_wconf 89' lang='lat'>21,</span> <span class='ocrx_word' id='word_1_391' title='bbox 1966 2623 2002 2656; x_wconf 89' lang='lat'>7;</span> 
     </span>
     <span class='ocr_line' id='line_1_43' title="bbox 237 2665 2001 2712; baseline 0.003 -13"><span class='ocrx_word' id='word_1_392' title='bbox 237 2665 313 2706; x_wconf 90' lang='lat' dir='ltr'><strong>III,</strong></span> <span class='ocrx_word' id='word_1_393' title='bbox 342 2665 397 2707; x_wconf 89' lang='lat'>67,</span> <span class='ocrx_word' id='word_1_394' title='bbox 430 2676 462 2700; x_wconf 90' lang='lat'>1:</span> <span class='ocrx_word' id='word_1_395' title='bbox 492 2666 560 2707; x_wconf 90' lang='lat' dir='ltr'>VI,</span> <span class='ocrx_word' id='word_1_396' title='bbox 588 2676 642 2709; x_wconf 87' lang='lat'>40,</span> <span class='ocrx_word' id='word_1_397' title='bbox 671 2666 708 2708; x_wconf 88' lang='lat'>6;</span> <span class='ocrx_word' id='word_1_398' title='bbox 738 2668 861 2708; x_wconf 90' lang='lat' dir='ltr'><strong>XXV,</strong></span> <span class='ocrx_word' id='word_1_399' title='bbox 891 2667 924 2710; x_wconf 77' lang='lat'>6,</span> <span class='ocrx_word' id='word_1_400' title='bbox 952 2679 990 2710; x_wconf 85' lang='lat'>2;</span> <span class='ocrx_word' id='word_1_401' title='bbox 1020 2669 1208 2710; x_wconf 91' lang='lat' dir='ltr'><strong>XXVIII,</strong></span> <span class='ocrx_word' id='word_1_402' title='bbox 1238 2679 1294 2712; x_wconf 89' lang='lat'>44,</span> <span class='ocrx_word' id='word_1_403' title='bbox 1326 2679 1383 2711; x_wconf 85' lang='lat'>13;</span> <span class='ocrx_word' id='word_1_404' title='bbox 1415 2670 1542 2710; x_wconf 92' lang='lat' dir='ltr'><strong>XXX,</strong></span> <span class='ocrx_word' id='word_1_405' title='bbox 1575 2678 1626 2712; x_wconf 87' lang='lat'>15,</span> <span class='ocrx_word' id='word_1_406' title='bbox 1656 2679 1691 2712; x_wconf 90' lang='lat'>7;</span> <span class='ocrx_word' id='word_1_407' title='bbox 1724 2670 1850 2711; x_wconf 93' lang='lat' dir='ltr'><strong>XXX,</strong></span> <span class='ocrx_word' id='word_1_408' title='bbox 1880 2680 1935 2712; x_wconf 84' lang='lat'>30,</span> <span class='ocrx_word' id='word_1_409' title='bbox 1964 2680 2001 2712; x_wconf 89' lang='lat'>4;</span> 
     </span>
     <span class='ocr_line' id='line_1_44' title="bbox 240 2719 2000 2768; baseline 0.004 -14"><span class='ocrx_word' id='word_1_410' title='bbox 240 2719 429 2762; x_wconf 92' lang='lat' dir='ltr'><strong>XXXIV,</strong></span> <span class='ocrx_word' id='word_1_411' title='bbox 461 2731 516 2763; x_wconf 85' lang='lat'>31,</span> <span class='ocrx_word' id='word_1_412' title='bbox 551 2732 607 2763; x_wconf 88' lang='lat'>12;</span> <span class='ocrx_word' id='word_1_413' title='bbox 641 2723 828 2764; x_wconf 89' lang='lat' dir='ltr'><strong>XXXIV,</strong></span> <span class='ocrx_word' id='word_1_414' title='bbox 859 2733 913 2766; x_wconf 86' lang='lat'>34,</span> <span class='ocrx_word' id='word_1_415' title='bbox 946 2734 983 2765; x_wconf 90' lang='lat'>2;</span> <span class='ocrx_word' id='word_1_416' title='bbox 1017 2725 1204 2766; x_wconf 91' lang='lat' dir='ltr'><strong>XXXVI,</strong></span> <span class='ocrx_word' id='word_1_417' title='bbox 1236 2734 1267 2766; x_wconf 93' lang='lat'>7,</span> <span class='ocrx_word' id='word_1_418' title='bbox 1302 2735 1359 2766; x_wconf 87' lang='lat'>12;</span> <span class='ocrx_word' id='word_1_419' title='bbox 1392 2725 1578 2767; x_wconf 90' lang='lat' dir='ltr'><strong>XXXIX,</strong></span> <span class='ocrx_word' id='word_1_420' title='bbox 1609 2734 1640 2768; x_wconf 88' lang='lat'>5,</span> <span class='ocrx_word' id='word_1_421' title='bbox 1672 2734 1709 2768; x_wconf 88' lang='grc'>5;</span> <span class='ocrx_word' id='word_1_422' title='bbox 1743 2726 1846 2767; x_wconf 89' lang='lat' dir='ltr'><strong>XLI,</strong></span> <span class='ocrx_word' id='word_1_423' title='bbox 1877 2736 1932 2768; x_wconf 84' lang='lat'>23,</span> <span class='ocrx_word' id='word_1_424' title='bbox 1962 2736 2000 2768; x_wconf 89' lang='lat'>9;</span> 
     </span>
     <span class='ocr_line' id='line_1_45' title="bbox 232 2775 799 2820; baseline 0.005 -10"><span class='ocrx_word' id='word_1_425' title='bbox 232 2775 360 2817; x_wconf 91' lang='lat' dir='ltr'><strong>XLII,</strong></span> <span class='ocrx_word' id='word_1_426' title='bbox 382 2785 437 2819; x_wconf 92' lang='lat'>50,</span> <span class='ocrx_word' id='word_1_427' title='bbox 458 2785 495 2819; x_wconf 89' lang='lat'>5;</span> <span class='ocrx_word' id='word_1_428' title='bbox 519 2777 670 2819; x_wconf 92' lang='lat' dir='ltr'><strong>XLIII,</strong></span> <span class='ocrx_word' id='word_1_429' title='bbox 696 2787 747 2820; x_wconf 92' lang='lat'>17,</span> <span class='ocrx_word' id='word_1_430' title='bbox 769 2788 799 2820; x_wconf 85' lang='lat'>3.</span> 
     </span>
    </p>

    <p class='ocr_par' dir='ltr' id='par_1_24' title="bbox 233 2832 2000 2932">
     <span class='ocr_line' id='line_1_46' title="bbox 342 2832 2000 2880; baseline 0.007 -15"><span class='ocrx_word' id='word_1_431' title='bbox 342 2832 460 2866; x_wconf 82' lang='lat' dir='ltr'>haec:</span> <span class='ocrx_word' id='word_1_432' title='bbox 484 2832 715 2874; x_wconf 91' lang='lat' dir='ltr'><strong>XXXVIII,</strong></span> <span class='ocrx_word' id='word_1_433' title='bbox 738 2834 794 2877; x_wconf 76' lang='grc'>56,</span> <span class='ocrx_word' id='word_1_434' title='bbox 820 2844 876 2869; x_wconf 88' lang='lat'>10:</span> <span class='ocrx_word' id='word_1_435' title='bbox 900 2835 995 2870; x_wconf 87' lang='lat' dir='ltr'>haec</span> <span class='ocrx_word' id='word_1_436' title='bbox 1019 2835 1122 2871; x_wconf 87' lang='lat' dir='ltr'>enim</span> <span class='ocrx_word' id='word_1_437' title='bbox 1145 2835 1229 2879; x_wconf 87' lang='lat' dir='ltr'>ipsa</span> <span class='ocrx_word' id='word_1_438' title='bbox 1252 2835 1309 2871; x_wconf 91' lang='lat' dir='ltr'>Ti.</span> <span class='ocrx_word' id='word_1_439' title='bbox 1334 2836 1534 2872; x_wconf 89' lang='lat' dir='ltr'>Gracchus</span> <span class='ocrx_word' id='word_1_440' title='bbox 1558 2836 1742 2880; x_wconf 90' lang='lat' dir='ltr'>queritur,</span> <span class='ocrx_word' id='word_1_441' title='bbox 1766 2837 2000 2876; x_wconf 77' lang='lat' dir='ltr'>dissolutam.</span> 
     </span>
     <span class='ocr_line' id='line_1_47' title="bbox 233 2886 1094 2932; baseline 0.007 -13"><span class='ocrx_word' id='word_1_442' title='bbox 233 2896 317 2919; x_wconf 88' lang='lat' dir='ltr'>esse</span> <span class='ocrx_word' id='word_1_443' title='bbox 343 2898 365 2921; x_wconf 86' lang='lat' dir='ltr'>a</span> <span class='ocrx_word' id='word_1_444' title='bbox 390 2886 544 2929; x_wconf 89' lang='lat' dir='ltr'>privato</span> <span class='ocrx_word' id='word_1_445' title='bbox 570 2888 819 2924; x_wconf 88' lang='lat' dir='ltr'>tribuniciam</span> <span class='ocrx_word' id='word_1_446' title='bbox 844 2895 1094 2932; x_wconf 87' lang='lat' dir='ltr'>potestatem.</span> 
     </span>
    </p>
   </div>
   <div class='ocr_carea' id='block_1_10' title="bbox 1091 2979 1131 3011">
    <p class='ocr_par' dir='ltr' id='par_1_25' title="bbox 1091 2979 1131 3011">
     <span class='ocr_line' id='line_1_48' title="bbox 1091 2979 1131 3011; baseline 0.025 -1"><span class='ocrx_word' id='word_1_447' title='bbox 1091 2979 1131 3011; x_wconf 82' lang='lat'>49</span> 
     </span>
    </p>
   </div>
  </div>
 </body>
</html>
