2174 3220
252 380 416 455 Ace.
454 400 634 453 cum.
670 379 792 452 inf.
831 380 1014 453 coni.
1054 380 1311 454 obiecti
1349 382 1504 456 loco
1541 387 1842 474 positus.

155 595 191 645 Ι.
262 594 454 644 Verba
489 593 805 642 sentiendi.

666 722 715 762 A.
775 721 921 760 Verba
949 721 1178 759 sentiendi
1211 721 1408 768 propria.

267 820 403 872 Apud
427 820 707 872 Draegerum
731 819 895 859 desunt
917 818 1053 858 verba
1078 817 1244 866 “viso⁷’‚
1268 817 1526 870 “respicio''.
1552 819 1738 859 Nullum
1764 819 1927 859 ibidem

135 912 137 915 -
157 887 345 928 affertur
368 887 622 939 exemplum
651 886 887 927 Livianum
912 885 1037 926 verbi
1061 884 1357 937 “conspicio”.

267 973 411 1007 audio:
434 971 577 1014 legitur
600 970 696 1006 locis
719 970 806 1012 plus
829 976 987 1004 centum
1010 968 1232 1011 quindecim
1256 968 1381 1003 active
1404 974 1635 1011 usurpatum
1658 969 1732 1004 hoc
1756 969 1929 1004 verbum.

161 1029 344 1064 Notanda
363 1027 562 1063 videntur:
587 1026 655 1068 IV,
675 1036 730 1067 20,
751 1035 787 1067 7:
810 1026 884 1060 hoc
908 1037 981 1067 ego
1003 1036 1092 1060 cum
1113 1024 1338 1066 Augustum
1360 1024 1592 1059 Caesarem.
1609 1052 1615 1058 .
1632 1052 1638 1058 .
1655 1052 1662 1058 .
1679 1036 1719 1059 se
1741 1024 1869 1067 ipsum
1891 1024 1930 1060 in

158 1085 319 1120 thorace
345 1083 465 1118 linteo
492 1082 682 1125 scriptum
708 1081 852 1124 legisse
878 1080 1092 1121 audissem
1120 1080 1167 1120 X,
1191 1080 1223 1120 8,
1252 1090 1309 1114 10:
1336 1091 1383 1114 en
1409 1091 1594 1121 umquam
1620 1080 1740 1115 fando
1766 1081 1930 1116 audistis

157 1140 344 1184 patricios
364 1139 492 1182 primo
514 1150 599 1174 esse
620 1138 748 1173 factos
770 1149 849 1172 non
869 1137 915 1172 de
937 1136 1044 1172 caelo
1066 1136 1278 1176 demissos;
1301 1135 1369 1170 cfr.
1393 1135 1461 1175 IV,
1480 1145 1512 1177 3,
1536 1145 1592 1170 10:
1614 1136 1733 1171 fando
1756 1137 1931 1172 auditum

159 1208 261 1237 esse;
285 1196 393 1236 XXI,
414 1195 469 1237 38,
491 1203 528 1237 5:
552 1206 599 1229 ex
622 1194 707 1236 ipso
731 1199 862 1228 autern
885 1192 1040 1227 audisse
1067 1191 1312 1226 Hannibale.
1330 1219 1358 1225 ..
1376 1191 1560 1233 ‚triginta
1585 1203 1653 1226 sex
1677 1192 1782 1227 milia
1806 1193 1930 1227 homi-

158 1250 555 1291 num.‚..amisisse;
585 1249 706 1290 XLV,
734 1259 789 1291 39,
822 1248 878 1283 16:
907 1249 981 1283 hoc
1011 1247 1139 1283 dicere
1168 1259 1229 1282 me
1258 1246 1389 1290 potius
1418 1258 1533 1289 quam
1561 1247 1670 1282 illum
1698 1248 1798 1283 audi.
1829 1250 1929 1285 Hoc.

158 1308 314 1351 quidem
338 1307 426 1342 loco
451 1305 620 1341 forsitan
643 1304 857 1339 desiderari
883 1303 1009 1346 possit
1034 1302 1293 1346 participium,
1319 1302 1428 1337 cuius
1454 1308 1585 1337 tamen
1610 1303 1820 1339 locutionis
1845 1317 1931 1348 per-

156 1375 278 1406 pauca
303 1363 403 1405 apud
429 1368 610 1397 nostrum
637 1360 766 1395 inveni
793 1360 983 1402 exempla,
1011 1360 1094 1399 XL,
1125 1368 1175 1400 15,
1205 1369 1260 1399 12;
1290 1358 1396 1398 XLI,
1422 1368 1476 1399 23,
1504 1367 1533 1399 7.

267 1428 412 1453 cerno:
439 1417 593 1460 saepius
618 1416 743 1451 multo
769 1427 884 1458 quam
911 1414 1205 1457 perceptionem
1233 1413 1412 1448 sensibus
1439 1413 1621 1448 effectam
1647 1412 1931 1455 cogitationem

159 1475 353 1518 significat
376 1474 478 1517 apud
502 1479 684 1508 nostrum
708 1472 782 1507 hoc
806 1471 980 1506 verbum.
1031 1470 1234 1512 Plerisque
1259 1469 1363 1505 enim
1387 1469 1484 1504 locis
1510 1469 1675 1504 “cerno'’
1699 1469 1803 1504 idem
1826 1469 1931 1504 valet

157 1543 200 1567 ac
222 1530 459 1572 “intelligo’',
481 1540 578 1572 quae
599 1540 661 1562 res
682 1527 890 1570 praecipue
912 1533 971 1561 est
992 1525 1198 1568 perspicua
1220 1525 1275 1560 eis
1298 1525 1394 1560 locis
1416 1525 1481 1559 ubi
1504 1525 1570 1560 inf.
1594 1525 1663 1559 fut.
1686 1525 1747 1559 vel
1769 1525 1929 1567 gerund.

157 1593 297 1623 exstat.

269 1642 343 1677 Ins.
370 1653 494 1684 praes.
523 1640 620 1675 locis
646 1640 733 1682 plus
762 1638 1020 1681 quadraginta
1047 1637 1253 1671 invenitur.

269 1698 343 1733 Inf.
368 1698 465 1741 perf.
491 1696 633 1739 legitur
658 1695 754 1730 locis
779 1694 918 1736 viginti
943 1693 1123 1736 quinque.

266 1754 333 1788 inf.
355 1754 423 1788 fut.
446 1752 542 1787 locis
565 1751 735 1787 sedecim
754 1756 974 1792 usurpatur.

266 1811 333 1844 inf.
356 1809 516 1852 gerund.
539 1814 669 1843 exstat
689 1807 783 1847 VII,
804 1815 859 1848 25,
881 1815 917 1847 7;
939 1805 1049 1846 XXI,
1071 1815 1125 1845 21,
1146 1814 1182 1846 3;
1206 1804 1403 1843 XXXIII,
1428 1813 1478 1843 11,
1499 1813 1530 1845 9.

268 1865 460 1907 Exempla
478 1870 575 1907 part.
596 1874 720 1906 praes.
740 1861 884 1897 invenii
905 1861 1104 1903 XXVIII,
1125 1870 1180 1901 22,
1199 1860 1236 1901 8;
1259 1859 1458 1899 XXXIII,
1477 1869 1509 1901 9,
1529 1858 1566 1899 6;
1588 1856 1775 1897 XXXIX,
1798 1855 1848 1896 16,
1872 1865 1928 1896 10;

157 1923 285 1963 XLII,
314 1931 365 1963 13,
389 1930 420 1962 3.

267 1976 500 2018 conspicio:
540 1975 688 2017 aliquot
728 1973 824 2008 locis
864 1978 993 2007 exstat
1032 1977 1129 2014 part.
1169 1982 1311 2013 praes:
1351 1970 1458 2009 XXI,
1497 1979 1528 2011 4,
1569 1978 1604 2010 7;
1646 1968 1758 2008 ΧΧΙ,
1796 1967 1851 2008 48.
1891 1967 1927 2006 6;

159 2033 281 2074 XLV,
303 2043 358 2075 39,
379 2032 410 2067 8.
457 2032 561 2066 Part.
584 2030 680 2073 perf.
704 2029 846 2071 legitur
871 2028 941 2069 IX,
967 2038 1017 2069 14,
1040 2027 1076 2069 6;
1102 2027 1211 2067 XXI,
1234 2027 1289 2068 48,
1311 2026 1342 2060 6.

270 2089 344 2123 Ins.
374 2099 498 2130 praes.
528 2092 738 2128 usurpatur
768 2085 849 2125 XL,
878 2094 933 2126 31,
962 2094 999 2125 4:
1031 2095 1129 2125 quos
1160 2082 1224 2117 ubi
1256 2088 1293 2117 et
1324 2080 1484 2124 propius
1515 2080 1699 2114 accedere
1731 2085 1767 2114 et
1798 2078 1928 2120 plures

158 2156 274 2187 quam
301 2143 405 2179 soliti
434 2149 544 2177 erant
572 2141 758 2177 Celtiberi
785 2145 1087 2182 conspexerunt.

270 2200 392 2235 Simul
420 2205 577 2233 exstant
605 2204 701 2240 part.
730 2208 854 2239 praes
885 2202 922 2231 et
949 2195 1016 2229 inf.
1044 2195 1152 2235 XXI,
1180 2203 1235 2235 33,
1264 2203 1300 2227 2:
1331 2191 1578 2234 conspiciunt
1606 2191 1929 2233 alios....super

158 2262 273 2299 caput
298 2254 552 2294 imminentis,
578 2253 675 2288 alios
702 2252 763 2287 via
790 2251 955 2286 transire
982 2249 1119 2284 hostis.

268 2311 468 2353 respicio:
498 2308 690 2350 XXXIV,
716 2317 771 2350 50,
797 2308 834 2342 8:
864 2306 1078 2349 respiciunt
1105 2304 1343 2348 praesidium
1372 2303 1419 2338 ab
1449 2301 1740 2337 Acrocorintho
1768 2301 1929 2335 descen-

157 2367 253 2402 dens
276 2366 456 2409 protinus
479 2365 566 2400 duci
591 2365 638 2399 ad
662 2370 817 2407 portam
841 2369 956 2405 atque
980 2361 1097 2396 abire.
1147 2359 1403 2401 Participium
1426 2358 1543 2398 VIII,
1567 2367 1622 2399 24,
1650 2365 1699 2399 15.

269 2423 327 2457 De
355 2420 596 2464 cogitatione
622 2425 832 2462 usurpatur
857 2419 932 2453 hoc
958 2417 1133 2464 verbum·
1148 2415 1275 2455 XXX,
1303 2414 1357 2455 28,
1388 2424 1438 2448 11.

268 2478 408 2512 video:
431 2477 530 2512 sicut
551 2477 714 2511 verbum
734 2474 900 2510 “cerno'’
922 2472 1076 2515 saepius
1097 2473 1144 2506 ad
1165 2470 1460 2514 perceptionem
1483 2466 1724 2510 cogitatione
1747 2463 1928 2498 effectam

157 2533 456 2576 significandum
477 2538 687 2574 usurpatur
709 2531 783 2565 hoc
804 2530 978 2569 verbum,
1001 2540 1116 2570 quam
1137 2528 1188 2561 ob
1210 2538 1292 2561 rem
1314 2525 1509 2568 plerisque
1533 2523 1629 2557 locis
1652 2533 1728 2555 acc.
1752 2530 1839 2554 cum
1861 2517 1927 2551 inf.

160 2589 258 2625 coni.
288 2589 399 2631 regit.
453 2588 570 2622 Locis
601 2587 686 2630 plus
717 2585 967 2628 septuaginta
997 2589 1126 2618 exstat
1156 2582 1223 2616 inf.
1252 2593 1377 2624 praes.
1407 2579 1515 2614 verbi
1545 2584 1616 2613 act.
1647 2576 1707 2610 vel
1737 2575 1834 2617 dep.,
1862 2572 1927 2607 ubi

158 2645 336 2687 usurpari
370 2644 549 2678 videatur
583 2642 758 2685 potuisse
795 2640 1053 2684 participium.
1126 2639 1229 2672 Part.
1265 2636 1360 2679 perf.
1399 2646 1483 2677 gen.
1519 2645 1620 2676 pass.
1656 2631 1798 2673 legitur
1832 2627 1927 2663 locis

160 2700 364 2742 sexaginta
398 2700 491 2739 fere,
524 2699 752 2741 plerumque
786 2708 865 2731 non
899 2694 1073 2730 adhibita
1106 2693 1246 2736 copula
1280 2691 1424 2726 “esse”
1483 2688 1605 2724 Simul
1640 2691 1796 2721 exstant
1830 2690 1926 2726 part.

159 2767 282 2797 praes.
310 2762 347 2790 et
372 2755 439 2789 inf.
467 2754 578 2793 XXI,
604 2762 659 2795 53,
685 2762 722 2794 5:
749 2752 780 2786 si
805 2751 963 2786 videant
991 2762 1062 2785 nos
1079 2778 1085 2783 .
1103 2778 1108 2783 .
1125 2777 1131 2783 .
1149 2777 1155 2782 .
1171 2748 1209 2782 in
1236 2746 1362 2781 media
1392 2745 1504 2780 Italia
1531 2741 1754 2785 paventis..
1772 2767 1812 2779 ..,
1830 2740 1928 2774 Poe-

160 2822 252 2846 num
286 2811 390 2853 quod
411 2810 512 2844 inter
535 2808 646 2851 Alpis
670 2806 998 2850 Appenniumque
1021 2804 1103 2847 agri
1127 2804 1188 2844 sit,
1211 2814 1302 2837 suae
1324 2799 1490 2836 dicionis
1514 2797 1672 2837 fecisse:
1696 2792 1927 2832 XXXVIII,

158 2876 214 2908 40,
253 2876 310 2901 10:
346 2872 556 2908 postquam
593 2863 741 2906 primos
779 2873 985 2905 superasse
1022 2858 1224 2902 angustias
1261 2857 1453 2896 viderunt,
1490 2859 1715 2897 postremos
1753 2849 1927 2885 nondum

159 2920 521 2963 appropinquantis.

1021 2998 1059 3020 21
