2070 3256
105 132 399 185 intelligimus
427 130 699 171 infinitivum
727 137 831 183 post
857 131 995 171 verba
1023 131 1230 184 cupiendi
1260 137 1304 172 et
1332 132 1565 181 efficiendi,
1595 146 1709 185 quae
1737 133 1882 173 infini-

105 199 239 239 tivum
281 198 522 238 adsciscunt
561 198 835 249 expletivum.
905 197 1073 249 Quodsi
1112 198 1179 238 hic
1219 197 1454 239 infinitivus
1494 200 1704 240 actionem
1744 201 1885 252 expri-

106 265 200 312 mit,
236 278 348 316 quae
384 265 437 304 de
472 277 663 316 persona
698 264 861 304 obiecti
896 271 1068 316 partem
1107 271 1268 317 agente
1304 278 1392 305 non
1429 266 1664 317 dependet,
1699 280 1744 307 re
1779 281 1885 307 vera

104 343 194 371 non
225 331 312 371 iam
343 331 568 372 obiectum
599 337 668 372 est
697 344 889 383 persona
917 331 1043 373 verbi
1075 331 1308 381 efficiendi,
1339 332 1417 373 sed
1448 332 1599 385 potius
1629 333 1882 375 subiectum

106 397 316 445 infinitivi,
356 399 397 438 id
436 399 549 449 quod
587 397 678 437 fieri
719 398 991 449 intelligimus
1046 399 1079 438 si
1132 399 1300 450 passive
1352 405 1585 450 usurpatur
1637 399 1884 441 infinitivus.

105 464 209 504 Non
240 477 347 517 ergo
377 464 465 504 iam
497 464 586 505 duo
617 471 723 505 sunt
753 465 1038 506 accusativus
1071 471 1115 506 et
1145 458 1395 507 infinitivus
1427 467 1504 507 sed
1537 480 1691 508 unum.
1752 466 1883 508 Hanc

105 538 255 571 autem
296 531 507 571 artiorem
550 531 757 571 infinitivi
799 538 843 572 et
883 532 1127 572 accusativi
1169 533 1532 573 coniunctionem
1576 540 1754 574 constat
1794 534 1882 574 iam

105 598 222 650 apud
249 598 460 638 Plautum
485 604 529 638 et
552 598 724 649 priores
749 605 955 639 auctores
980 599 1145 639 latinos
1170 606 1261 639 tam
1286 600 1423 640 variis
1449 600 1594 640 modis
1619 607 1883 652 usurpatam

105 678 202 705 esse
227 671 278 705 ut
302 678 392 704 non
418 665 603 706 dubium
630 665 688 705 sit
714 665 820 717 quin
847 666 981 705 etiam
1009 672 1112 706 ante
1139 666 1358 718 originem
1387 667 1637 708 litterarum
1665 668 1884 709 latissime

104 731 301 783 patuerit
336 732 445 772 haec
483 732 759 772 constructio
795 732 850 772 ad
888 745 1141 772 sermonem
1180 732 1446 774 familiarem
1486 734 1596 775 satis
1633 735 1884 776 commoda.

104 799 440 838 Animadvertit
465 798 598 839 etiam
627 798 898 850 Herzogius,
924 812 1012 850 qua
1038 806 1183 840 aetate
1209 806 1308 840 orta
1334 800 1424 840 sint
1449 800 1621 852 priscae
1648 801 1884 841 latinitatis

106 871 411 913 monumenta,
447 878 560 916 quae
594 865 724 905 nobis
757 872 938 916 praesto
973 872 1092 914 sunt,
1126 872 1222 907 tum
1257 867 1369 907 adeo
1403 867 1709 907 oblitteratam
1745 867 1885 908 fuisse

107 932 351 971 accusativi
391 945 491 972 cum
532 932 670 972 verbo
710 939 893 984 regente
934 933 1311 981 coniunctionem,
1351 941 1486 985 atque
1527 941 1619 974 tam
1660 935 1704 974 in
1745 948 1884 975 unum

106 998 320 1038 confusos
351 1012 448 1038 esse
479 999 786 1039 accusativum
818 1006 862 1039 et
891 1000 1177 1047 infinitivum,
1208 1006 1258 1040 ut
1289 1000 1401 1042 Cato
1439 1000 1573 1051 (Rell.
1605 1001 1672 1041 ed.
1703 1001 1886 1052 Jordan,

106 1078 206 1116 pag.
233 1065 306 1117 33)
338 1065 576 1105 “laudare”
601 1066 788 1106 verbum
815 1066 960 1118 primo
985 1066 1148 1107 obiecti
1176 1067 1399 1119 particeps
1425 1067 1606 1116 faceret,
1633 1074 1729 1108 tum
1759 1068 1885 1119 quasi

106 1145 273 1172 novum
306 1145 356 1172 ac
388 1132 567 1183 propria
600 1133 697 1184 lege
730 1139 862 1173 utens
894 1134 1146 1174 membrum
1179 1135 1487 1175 accusativum
1521 1134 1635 1175 alius
1668 1147 1886 1186 personae

107 1212 208 1239 cum
234 1198 456 1238 infinitivo
482 1199 764 1247 conciliaret;
791 1199 898 1239 dicit
924 1200 1064 1240 enim:
1092 1200 1306 1241 “laudant
1333 1214 1402 1241 me
1429 1201 1637 1241 maximis
1665 1201 1887 1249 laudibus,

107 1271 283 1305 tantum
308 1265 504 1314 navium,
527 1272 703 1306 tantum
727 1267 987 1315 exercitum,
1011 1274 1187 1308 tantum
1212 1274 1514 1308 commeatum
1540 1282 1629 1308 non
1653 1268 1887 1320 opinatum

108 1345 199 1371 esse
247 1345 503 1383 quemquam
550 1333 765 1372 hominem
813 1346 1061 1384 comparare
1109 1334 1311 1385 potuisse,
1361 1335 1402 1374 id
1451 1341 1592 1375 tamen
1641 1336 1891 1375 maturrime

108 1411 174 1438 me
227 1399 583 1450 comparavisse.'’
667 1400 782 1440 Huic
835 1401 927 1440 loco
983 1401 1161 1440 similem
1217 1401 1413 1442 referunt
1468 1402 1649 1453 speciem
1704 1402 1891 1442 Plautini

108 1465 244 1516 aliqui
271 1478 295 1504 a
323 1466 509 1506 Barthio
535 1466 718 1507 laudati.

221 1532 392 1572 Eodem
431 1532 522 1573 fere
561 1533 695 1573 modo
733 1534 777 1574 in
815 1534 1164 1582 constructione,
1205 1548 1317 1586 quae
1355 1541 1543 1576 vocatur
1581 1536 1888 1576 nominativus

108 1611 208 1638 cum
242 1598 318 1638 inf.
381 1599 525 1650 primo
572 1600 794 1640 adscitum
842 1614 940 1641 esse
987 1601 1282 1652 intelligimus
1328 1602 1600 1643 infinitivum
1649 1602 1705 1642 ad
1751 1603 1889 1643 verba

109 1665 341 1713 efficiendi,
373 1666 535 1717 quibus
566 1668 636 1707 vel
670 1667 814 1707 active
845 1668 915 1708 vel
948 1668 1126 1719 passive
1158 1669 1387 1720 usurpatis
1419 1682 1533 1720 opus
1566 1675 1634 1710 est
1666 1670 1888 1710 infinitivo

108 1732 347 1782 expletivo‚
370 1733 529 1773 deinde
552 1734 606 1773 ad
629 1741 776 1774 cetera
796 1735 934 1774 verba
956 1735 1207 1776 adhibitum
1231 1749 1328 1776 esse
1351 1749 1464 1787 quae
1486 1736 1530 1776 in
1553 1737 1636 1777 hac
1659 1743 1889 1777 construc-

107 1797 228 1838 tione
255 1799 478 1850 leguntur.
532 1799 661 1852 Quae
686 1814 756 1841 res
782 1802 1043 1853 perspicuae
1068 1802 1183 1842 fiunt
1206 1802 1275 1842 his
1302 1804 1542 1854 exemplis:

211 1908 299 1936 acc.
333 1903 377 1936 et
409 1896 486 1936 inf.
520 1898 705 1949 explet.:
740 1898 871 1938 iussit
904 1911 1009 1938 eum
1042 1913 1228 1939 munera
1259 1899 1377 1940 dare.

219 1975 308 2003 acc.
332 1977 433 2003 cum
457 1963 533 2004 inf.
558 1964 694 2004 coni.:
719 1965 851 2005 iussit
873 1979 1058 2006 munera
1082 1966 1190 2006 dari.

220 2042 338 2069 nom.
367 2036 411 2069 et
439 2030 514 2070 inf.
545 2032 731 2083 explet.:
761 2032 910 2073 iussus
940 2039 1008 2073 est
1037 2046 1223 2073 munera
1253 2034 1371 2074 dare.

219 2109 338 2136 nom.
364 2110 464 2137 cum
490 2097 567 2137 inf.
594 2098 730 2138 coni.:
757 2099 879 2139 iussa
905 2106 1011 2140 sunt
1036 2113 1222 2140 munera
1248 2100 1356 2140 dari.

221 2194 548 2247 Disputaturus
579 2210 679 2236 sum
710 2204 860 2238 autem
893 2198 947 2238 de
978 2212 1062 2239 usu
1093 2199 1302 2239 infinitivi
1334 2200 1452 2252 apud
1487 2200 1679 2249 Livium,
1713 2201 1766 2241 de
1799 2214 1888 2253 quo

108 2261 307 2301 nondum
336 2262 441 2302 data
467 2275 602 2314 opera
631 2270 699 2304 est
726 2265 994 2315 quaesitum,
1022 2279 1123 2306 cum
1153 2266 1206 2306 de
1234 2279 1318 2306 usu
1347 2267 1555 2307 infinitivi
1584 2268 1702 2320 apud
1730 2281 1887 2309 omnes

109 2326 201 2368 fere
242 2334 415 2369 ceteros
456 2336 662 2370 auctores
705 2331 868 2371 latinos
911 2338 955 2372 et
995 2332 1166 2383 priores
1208 2339 1251 2372 et
1292 2333 1564 2385 posteriores
1606 2335 1756 2386 plures
1799 2335 1886 2374 iam

111 2400 290 2435 exstent
331 2397 750 2437 commentationes.
823 2397 1018 2439 Omnem
1062 2411 1170 2439 vero
1214 2412 1345 2440 usum
1389 2400 1599 2440 infinitivi
1646 2400 1885 2442 Livianum

109 2461 384 2511 perscribere
410 2475 510 2503 cum
538 2463 683 2504 maius
709 2476 807 2504 esse
832 2477 946 2516 opus
971 2465 1179 2505 videatur
1205 2479 1338 2517 quam
1366 2472 1416 2507 ut
1441 2467 1486 2506 in
1513 2468 1888 2508 commentatiun-

109 2528 208 2567 cula
236 2527 368 2568 huius
395 2529 515 2569 modi
543 2536 854 2581 pertractetur,
883 2531 1192 2572 demonstrare
1219 2539 1370 2573 tamen
1398 2533 1608 2582 conabor,
1636 2547 1725 2585 quo
1753 2534 1888 2574 modo

109 2595 395 2646 usurpaverit
419 2595 575 2636 Livius
597 2610 672 2637 eas
695 2597 1068 2646 constructiones,
1092 2611 1203 2650 quas
1226 2611 1315 2639 acc.
1339 2612 1440 2639 cum
1464 2599 1540 2640 inf.
1565 2600 1677 2640 coni.
1701 2606 1745 2641 et
1768 2613 1887 2641 nom.

110 2673 211 2700 cum
250 2661 328 2701 inf.
367 2662 480 2702 coni.
519 2676 748 2712 vocamuS,
788 2677 932 2716 neque
971 2665 1278 2705 obliviscenda
1316 2672 1447 2706 erunt
1487 2666 1595 2706 mihi
1635 2673 1886 2708 ceterorum

110 2733 344 2768 auctorum
381 2741 530 2780 opera,
567 2742 681 2781 quae
718 2730 773 2770 ab
810 2730 908 2771 aliis
945 2731 1033 2771 iam
1071 2731 1161 2772 sint
1197 2732 1465 2773 examinata.
1532 2732 1577 2774 Si
1615 2746 1751 2786 opera
1789 2747 1888 2774 mea

109 2793 258 2844 palam
290 2794 380 2842 fiat,
414 2795 519 2846 quid
551 2796 595 2835 in
625 2796 707 2837 hac
739 2810 784 2837 re
816 2797 993 2838 intersit
1024 2798 1139 2838 inter
1175 2797 1351 2839 Livium
1385 2806 1648 2852 ceterosque
1680 2806 1886 2841 auctores

111 2859 274 2900 latinos
297 2861 407 2901 satis
430 2875 652 2914 superque
677 2863 850 2903 ducam.

990 2948 1010 2980 6
